2325 2942
167 113 231 144 723
799 113 913 145 PHIL.
936 113 1039 145 MEL.
1059 114 1241 147 SCRIPTA
1263 114 1543 147 DoGMATICA.
2108 118 2174 149 7‘24

168 208 244 236 inter
263 211 403 236 caeteros
429 207 506 235 solis
530 208 623 236 instar
642 208 755 236 enitent
777 208 850 236 Loci
876 207 1038 245 theologici
1063 212 1093 237 et
1114 208 1250 238 Examen
1271 208 1499 237 ordinandorum
1520 220 1537 238 a
1559 209 1703 248 Philippo
1727 210 1890 248 scriptum,
1914 211 1942 239 in
1968 221 2026 249 quo
2051 222 2171 240 summa

168 250 319 279 doctrinae
340 250 521 279 christianae
545 251 572 278 in
598 250 767 288 quindecim
787 250 873 279 locos
897 251 1058 280 distributa
1081 253 1210 280 omnium
1236 252 1442 281 eruditissime
1467 252 1757 291 elegantissimeque
1781 254 1921 291 exposita
1944 258 2025 283 est.“

372 325 403 355 ln
425 326 600 354 eiusdem
625 326 661 354 ad
677 325 988 364 ('asp.El1erhardum
1010 328 1150 366 epistolis
1175 338 1201 365 p.
1218 329 1288 355 506.
1310 327 1384 355 haec
1409 327 1562 366 leguntur:
1589 330 1688 359 ..Amo
1709 333 1739 358 et
1757 339 1882 358 veneror
1895 329 2025 368 Philippi
2051 340 2168 365 nomen,

167 369 329 397 doctrinam
356 372 385 397 et
408 370 512 397 merita
536 379 607 406 erga
626 369 809 403 Ecclesiam,
834 381 890 399 non
916 371 1024 404 minus,
1050 380 1137 407 (ptam
1163 368 1279 398 illorum
1304 371 1474 408 quisquam.
1543 371 1581 400 Et
1608 372 1729 400 sormam
1751 382 1844 400 sanae
1869 372 2023 401 doctrinae
2047 374 2074 401 in
2100 372 2169 402 Phi-

165 411 237 449 lippi
259 411 336 439 locis
362 421 396 439 ac
421 412 550 440 caeteris
575 413 697 450 scriptis
723 413 836 450 corpori
861 413 1013 442 doctrinae
1038 413 1158 441 insertis
1183 412 1321 441 traditam
1346 424 1403 441 non
1428 414 1527 443 minus
1552 425 1639 452 quam
1665 414 1707 443 illi
1733 414 1897 453 amplector
1927 420 1957 445 et
1984 416 2011 444 iu
2037 415 2092 444 hac
2116 416 2170 444 Sa-

165 458 249 492 repta
273 453 460 492 [Rostoehii]
486 465 649 493 propagare
668 454 811 484 stude-202⁶

371 537 484 577 Casp.
509 538 582 569 Crn
593 541 676 578 cige
688 550 748 568 rus
773 541 801 568 in
827 540 1010 579 Scriptorum
1035 539 1155 578 publice.
1179 540 1398 578 propositorum
1423 550 1440 568 a
1464 541 1690 580 professoribus
1710 543 1737 570 in
1762 541 1927 570 Academia
1943 542 2169 579 Witobergonsi

165 580 260 610 Tomo
280 580 320 609 V.
343 582 381 610 ad
403 592 430 609 a.
460 584 549 611 1563.
576 582 650 611 haec
671 582 776 612 ret'ert:
802 583 910 613 ..Nune
934 583 1073 611 eximium
1098 582 1203 610 librum
1229 584 1295 611 eins
1320 583 1348 611 in
1375 594 1480 612 manus
1505 595 1672 624 sumemus,
1703 586 1750 612 cui
1769 584 1885 613 titulum
1901 585 1972 613 fecit
1993 585 2065 613 Loc.
2087 596 2169 624 prae-

165 625 221 662 cip.
247 624 340 652 theol.
366 625 415 662 qui
440 624 516 653 liber
539 630 596 659 cst,
621 630 651 653 ut
677 627 786 654 veteris
806 626 954 662 Theologi
980 626 1080 654 verbis
1105 629 1230 659 utamur,
1261 630 1356 655 θείων
1381 629 1486 664 λογίων
1510 630 1668 667 φιλοπονία
1691 630 1741 656 καὶ
1772 627 1804 657 zox
1828 630 1857 656 ἐν
1880 627 1980 662 αύιοῐς
2003 629 2068 667 ([ὦς
2093 628 2170 667 εὑρι-

164 666 307 704 σκόμειον
328 666 499 710 σύνόδηγίᾳ
523 669 574 697 τοῦ
597 667 772 706 πνεύματος.
798 668 879 696 Vere
895 673 992 696 autem
1019 669 1046 696 in
1072 668 1128 696 hoc
1153 668 1363 705 comprehendi
1385 679 1430 701 ea,
1456 680 1532 707 quae
1552 671 1591 708 pii
1617 669 1745 698 hominis
1770 670 1902 698 studium
1927 672 1954 698 in
1970 670 2099 699 lectione
2123 681 2170 699 sa-

165 720 232 737 crae
257 710 422 747 scriptmae
448 710 538 739 ductu
560 710 590 739 S.
617 710 749 749 Spiritus
774 715 802 739 et
827 712 938 739 invenit
962 715 991 740 et
1010 711 1142 739 invenire
1166 715 1278 749 potest,
1303 718 1330 739 et
1356 713 1442 749 quasi
1468 712 1566 741 lumen
1592 713 1740 751 quoddam
1766 724 1855 747 esse,
1887 713 1968 751 quod
1992 714 2029 742 de
2053 713 2109 742 hac
2129 724 2170 742 re-

163 751 288 789 fulgent,
314 762 363 780 res
388 753 530 782 ostendit.
597 753 662 781 Hoc
683 755 771 791 igitur
792 755 962 782 rectissime
982 758 1099 782 utemur
1121 753 1158 781 ad
1186 754 1434 782 introductiomuu
1455 756 1482 783 in
1507 755 1600 783 libros
1622 755 1764 794 Prophet.
1790 760 1819 784 et
1837 755 1980 794 Apostol.
2005 760 2035 785 et
2059 766 2118 794 quo
2143 757 2170 785 in

162 795 332 833 praecipuis
353 796 501 833 capitibus
525 795 677 832 religionis
698 800 817 824 nostrae
841 797 1040 829 instituamur,
1063 800 1095 824 ut
1118 797 1159 825 sit
1181 801 1281 831 πίστις
1304 796 1398 835 ὑγιής,
1418 802 1447 826 et
1471 798 1674 836 compleamur
1696 799 1825 827 scientia
1847 803 2026 827 sanctorum.
2072 799 2171 834 Quem

163 838 241 866 enim
267 847 303 866 ex
326 838 480 866 veteribus
503 849 538 867 ac
562 840 647 867 novis
671 838 755 867 libris
779 839 848 867 huic
872 840 899 867 in
924 839 982 868 hoc
1005 849 1116 877 genere
1140 839 1359 877 praeferamus,
1385 850 1441 878 ego
1462 840 1582 878 quidem
1609 851 1665 869 non
1690 842 1839 879 reperi0.⁴·'

369 922 475 952 Mart.
512 922 761 952 Chemnitius
797 925 824 952 in
850 923 1068 952 lotimationum
1099 923 1389 962 'lvittebergensium
1421 924 1507 954 Tom.
1538 924 1573 953 ll.
1599 925 1650 953 sol.
1678 928 1745 954 100.
1771 925 1828 953 hoc
1852 926 1888 954 de
1911 927 2003 954 Locis
2029 926 2171 955 iudicium

162 964 234 994 sert:
259 964 376 999 „Utilis
397 970 444 994 est
467 965 557 994 lectio
581 966 742 994 Locorum.
788 966 854 995 Nec
879 968 906 995 in
931 967 1023 995 Locis
1048 966 1107 995 alia
1127 967 1261 995 doctrina
1285 972 1342 1000 est,
1362 978 1450 1005 quam
1476 978 1554 1005 quae
1578 968 1682 996 tradita
1707 972 1755 996 est
1780 969 1807 996 in
1832 969 1954 1007 scriptis
1980 969 2171 1008 propheticis

162 1012 192 1036 et
216 1007 406 1046 Apostolicis
437 1013 466 1037 et
490 1008 656 1047 Symlmlis.
724 1009 908 1038 Monstratur
932 1010 970 1038 ibi
993 1013 1022 1038 et
1043 1010 1196 1038 distinctio
1220 1011 1429 1039 membrorum.
1455 1021 1530 1048 qnae
1555 1015 1626 1040 sunt
1650 1011 1677 1038 in
1702 1010 1786 1039 libris
1812 1010 2017 1050 Propheticis,
2054 1013 2102 1040 uhi
2124 1012 2172 1040 lex

162 1051 311 1083 recitetur,
336 1051 385 1079 ubi
410 1051 628 1089 promissiones
652 1053 826 1090 propositae
850 1054 919 1081 sint.
967 1056 1009 1081 Ac
1033 1053 1112 1090 quod
1138 1053 1178 1081 sit
1201 1053 1361 1081 discrimen
1387 1054 1597 1092 promissionis
1621 1057 1762 1082 aeternae
1786 1058 1815 1082 et
1838 1055 2057 1092 temporalium.
2100 1053 2172 1083 ltem

160 1092 318 1130 Evangelii
345 1098 374 1122 et
397 1093 537 1132 politicae
557 1095 737 1132 sapientiae.
762 1095 894 1134 denique
917 1097 1049 1124 membra
1073 1096 1113 1124 ibi
1138 1096 1224 1133 quasi
1249 1095 1433 1125 evolvuntur.
1467 1095 1538 1124 Ideo
1563 1096 1682 1124 decrevi
1707 1096 1813 1125 librum
1838 1096 1920 1125 illum
1946 1097 2066 1135 publice
2089 1107 2173 1136 prae-

161 1135 298 1174 legere.“

366 1219 467 1249 ldem
491 1221 518 1249 in
545 1220 706 1256 Oratione,
737 1232 824 1261 quam
849 1222 970 1261 publice
999 1223 1135 1252 recitavit
1162 1223 1245 1251 initio
1269 1223 1481 1262 praelectionis
1506 1223 1656 1253 Locorum
1675 1223 1769 1252 theol.
1794 1223 1925 1263 Philippi
1950 1235 1974 1253 a.
2003 1227 2096 1254 1554.
2122 1224 2171 1253 die

162 1265 188 1293 4.
213 1262 296 1296 Maii,
322 1263 398 1292 haec
423 1263 511 1294 dixit:
537 1265 652 1297 „Filius
676 1264 752 1299 Dei,
788 1266 838 1303 qui
873 1267 910 1294 al)
931 1267 1013 1294 initio
1037 1276 1112 1294 suae
1137 1266 1290 1294 doctrinae
1314 1277 1436 1304 semper
1459 1266 1541 1295 dedit
1565 1267 1642 1295 tales
1667 1267 1819 1300 doctores,
1845 1269 1893 1305 qui
1918 1267 2035 1296 erudita
2058 1268 2172 1305 pietate

159 1310 262 1345 partes
287 1306 441 1335 doctrinae
466 1308 493 1335 in
520 1307 641 1336 sormam
665 1308 844 1346 redigerent.
870 1312 900 1337 et
923 1309 951 1337 in
976 1313 1087 1337 certam
1112 1308 1233 1337 sormam
1258 1308 1339 1347 stylo
1365 1309 1493 1337 hominis
1517 1311 1645 1348 propriis
1671 1314 1699 1338 et
1726 1310 1896 1348 perspicuis
1931 1310 2033 1338 verbis
2058 1314 2171 1339 contra-

160 1348 274 1381 herent,
300 1354 333 1378 ut
352 1353 381 1378 et
405 1350 432 1378 in
458 1349 512 1378 hac
532 1351 631 1379 mundi
656 1355 781 1379 senecta
800 1355 886 1380 esset
910 1351 1010 1389 aliqua
1034 1351 1185 1385 Ecclesia,
1211 1352 1324 1390 Spiritu
1349 1351 1382 1379 S.
1408 1353 1551 1381 excitavit
1571 1352 1606 1380 R..
1631 1352 1668 1381 D.
1684 1352 1731 1381 Pr.
1747 1351 1920 1391 Philippum
1945 1352 2093 1382 lllelanth.
2119 1354 2170 1391 qui

161 1392 324 1421 doctrinam
348 1402 366 1420 a
388 1392 521 1421 Luthero
546 1394 573 1422 in
599 1394 688 1422 variis
712 1393 799 1422 libris
823 1397 976 1422 tractatam
1001 1395 1029 1422 in
1054 1405 1143 1423 unum
1168 1395 1255 1432 quasi
1280 1398 1516 1423 consentaneum
1537 1405 1647 1433 corpus
1669 1399 1900 1432 coagmentare-t.
1954 1395 2022 1424 Non
2048 1397 2104 1424 iam
2130 1395 2171 1424 di-

159 1445 234 1465 cam,
260 1435 360 1473 quanti
388 1434 443 1463 hoc
463 1435 552 1465 fuerit
575 1436 699 1469 laboris,
724 1440 853 1474 quantae
873 1436 1072 1470 difficultatis,
1107 1440 1237 1474 quantae
1262 1436 1468 1466 dexteritatis:
1503 1448 1601 1475 neque
1626 1437 1683 1466 hoc
1702 1438 1816 1471 dicam,
1852 1448 1941 1476 quam
1965 1439 2170 1467 necessarium

160 1479 200 1506 sit
224 1477 280 1506 hoc
304 1478 458 1515 scriptum,
493 1488 558 1506 cum
595 1479 714 1516 quidem
745 1478 857 1507 multae
887 1479 1033 1507 historiae
1061 1482 1189 1517 possent
1219 1479 1345 1512 adduci,
1381 1489 1469 1517 quam
1493 1480 1661 1509 dissimiles
1686 1480 1795 1509 fuerint
1819 1480 1968 1509 clamores
1992 1481 2068 1509 inter
2088 1482 2171 1509 initia

159 1524 228 1549 ante
253 1520 363 1549 editum
390 1520 447 1549 hoc
471 1522 625 1559 scriptum.
670 1521 809 1550 :Sufficiat
828 1521 896 1555 hoc,
921 1522 1002 1560 quod
1026 1521 1180 1550 Lutherus
1206 1522 1378 1551 nominatim
1402 1520 1462 1551 hoc
1484 1523 1628 1561 scriptum
1659 1534 1716 1551 suo
1741 1524 1915 1552 testimonio
1940 1524 2116 1562 approbavit
2139 1527 2171 1552 et

160 1564 227 1592 eius
247 1563 407 1592 lectionem
431 1573 501 1602 prae
526 1563 594 1593 aliis
618 1564 777 1603 diligenter
801 1564 1048 1593 commendavit.“

365 1647 567 1688 Polycarp.
592 1650 789 1688 Leyserus
815 1650 842 1678 in
867 1649 1056 1678 dedicatione
1075 1650 1112 1678 ab
1136 1649 1204 1688 ipso
1229 1648 1391 1678 Chemnitii
1411 1650 1502 1678 Locis
1526 1651 1736 1679 communibus
1763 1649 1838 1678 insta
1860 1650 2060 1679 recensendis
2087 1660 2171 1689 prae-

160 1691 217 1720 fixa
240 1690 316 1720 haee
340 1691 445 1721 refert:
480 1691 541 1726 „ln
567 1693 645 1721 hunc
671 1693 756 1721 tinem
783 1692 1025 1731 incomparabilis
1050 1692 1227 1721 eruditionis
1251 1693 1295 1721 vir
1318 1691 1352 1721 P.
1377 1692 1611 1726 lllelauchthon,
1647 1693 1695 1731 qui
1720 1693 1820 1721 divina
1840 1691 2035 1721 Providentia
2059 1703 2167 1731 magno

159 1738 264 1763 nostro
288 1734 423 1763 Luthero
448 1735 607 1765 adiunctus
627 1735 731 1770 suerat,
753 1736 819 1774 ipse
844 1746 965 1774 quoque
989 1739 1102 1774 partem
1127 1735 1256 1774 aliquam
1277 1735 1390 1764 laboris
1415 1737 1442 1764 in
1466 1746 1501 1764 se
1525 1737 1648 1774 recepit.
1677 1735 1717 1765 Et
1741 1740 1773 1765 ut
1792 1736 1854 1764 tere
1878 1736 2010 1774 optimus
2037 1735 2091 1765 suit
2111 1747 2170 1764 me-

159 1777 241 1806 thodi
267 1778 381 1811 artilex,
405 1782 495 1816 atque
515 1789 580 1807 cum
604 1779 715 1817 pietate
740 1779 933 1817 multiplicem
959 1790 1053 1808 rerum
1073 1788 1162 1807 nsum
1187 1783 1216 1807 et
1234 1779 1447 1817 experientiam
1474 1780 1634 1814 coniunxit,
1659 1779 1700 1807 ita
1725 1789 1741 1807 a
1765 1778 1866 1807 multis
1897 1779 1983 1807 annis
2009 1789 2097 1807 omne
2121 1789 2169 1807 su·
2210 1806 2213 1811 ,

158 1831 207 1849 um
233 1821 365 1849 studium
391 1820 448 1849 huc
473 1821 608 1854 contulit,
633 1826 665 1851 ut
688 1823 834 1860 praecisis
859 1822 1025 1855 inutilibus,
1050 1822 1160 1850 otiosis
1190 1825 1219 1850 et
1243 1822 1373 1850 curiosis
1398 1823 1638 1860 quaestionibus,
1665 1822 1830 1850 doctrinam
1856 1822 1893 1849 de
1919 1822 2104 1849 necessariis
2128 1832 2171 1849 ar-

159 1863 264 1892 ticulis
289 1863 459 1892 methodica
483 1866 596 1893 ratione
620 1865 648 1892 in
669 1869 767 1893 certos
787 1864 873 1893 locos
894 1865 1093 1896 distribueret,
1118 1864 1250 1902 illosque
1275 1864 1438 1903 explicaret
1457 1865 1540 1899 stylo
1565 1864 1710 1898 hominis,
1735 1857 1926 1893 t1.‹1.svert›is
1950 1865 2080 1897 usitatis,
2106 1875 2169 1903 per-

160 1907 276 1944 spicuis
301 1910 331 1935 et
354 1907 482 1935 maxime
506 1908 645 1946 propriis.
693 1906 776 1936 lllum
801 1918 889 1936 suum
909 1908 1042 1936 lahorem
1067 1908 1149 1936 initio
1174 1907 1410 1946 hypotyposeon
1436 1909 1555 1936 nomine
1580 1909 1743 1946 insignivit.
1791 1906 1867 1935 Post
1890 1907 2010 1945 aliquos
2035 1918 2105 1935 vero
2120 1917 2169 1936 an-

159 1959 216 1977 nos
241 1948 310 1977 illas
334 1949 392 1977 sul)
417 1950 553 1978 incudem
579 1955 736 1979 revocatas
757 1955 787 1979 et
810 1955 915 1979 auctas
940 1951 1038 1979 denuo
1063 1950 1202 1978 inlucem
1227 1951 1339 1979 emisit·
1350 1955 1441 1988 atque
1464 1950 1596 1979 locorum
1612 1951 1809 1979 communium
1835 1949 1950 1978 titulum
1973 1949 2053 1978 fecit.
2079 1949 2168 1988 Opus

157 1996 319 2031 praestans
343 1996 372 2021 et
396 1993 524 2030 insigne,
548 1993 628 2031 quod
653 2004 710 2022 non
734 1997 845 2022 tantum
870 1994 1013 2022 bonorum
1034 1994 1164 2021 omnium
1189 1993 1445 2031 congratulatione
1476 1993 1692 2031 excipiebatur,
1722 1993 1777 2021 sed
1803 1997 1833 2021 et
1855 2002 1872 2021 a
1894 1992 2026 2021 Lnthero
2051 2003 2169 2021 summe

160 2032 441 2065 commendabatur:
473 2036 551 2064 unde
575 2037 601 2065 in
626 2036 750 2064 scholas
773 2036 809 2064 ad
834 2037 1015 2065 erudiendos
1040 2035 1226 2074 Theologiae
1250 2036 1408 2065 studiosos
1433 2041 1585 2075 receptum
1610 2040 1666 2065 est.
1711 2035 1787 2064 Nam
1818 2036 2085 2074 persuasissimum
2106 2039 2168 2064 erat

159 2079 287 2111 cunctis,
315 2079 341 2107 in
368 2078 430 2106 illis
455 2078 531 2107 locis
557 2079 720 2117 aliquoties
745 2080 886 2108 correctis
911 2084 940 2108 et
959 2079 1127 2108 emendatis
1151 2080 1273 2108 verbum
1297 2081 1427 2118 positum
1453 2090 1522 2107 esse
1546 2080 1665 2107 omnino
1686 2078 1808 2111 nultum,
1835 2078 1913 2116 quod
1930 2089 1985 2106 non
2011 2082 2099 2106 antea
2118 2078 2168 2106 ali-

161 2121 283 2159 quoties
309 2121 542 2158 diligentissime
559 2121 646 2151 suerit
671 2123 869 2151 examinatum
895 2126 922 2151 et
943 2122 979 2150 ad
999 2123 1132 2151 trutinam
1158 2123 1239 2151 verbi
1264 2122 1355 2150 divini
1377 2123 1572 2151 exactissime
1598 2132 1774 2160 expensum.
1807 2120 2061 2159 Quandoquidem
2089 2122 2167 2149 enim

161 2164 326 2192 adversarii
351 2164 473 2201 singuli,
498 2175 621 2203 quorum
647 2164 791 2203 plurimos
816 2164 969 2194 Lutherus
990 2169 1019 2193 et
1043 2164 1203 2204 Philippus
1227 2165 1305 2193 circa
1327 2165 1503 2203 principium
1527 2166 1747 2203 reprimationis
1771 2164 1940 2197 habehant,
1976 2165 2003 2192 in
2039 2164 2167 2200 quasvis

162 2206 361 2236 calumniandi
387 2209 566 2236 occasiones
591 2209 693 2236 intenti
714 2211 805 2241 erant,
829 2212 858 2237 et
882 2208 1083 2246 undequaque
1108 2208 1331 2246 conquirebant,
1356 2208 1382 2235 si
1406 2208 1518 2246 aliquid
1543 2208 1701 2241 diceretur,
1722 2208 1749 2235 in
1774 2218 1832 2245 quo
1846 2207 2019 2244 speciosum
2036 2206 2168 2244 aliquem

162 2260 290 2278 errorem
316 2250 476 2279 ostendere
500 2255 641 2289 possent:
666 2252 785 2279 omnino
811 2250 951 2289 Philippo
972 2251 1164 2289 cogitandum
1188 2251 1241 2279 suit
1265 2251 1302 2279 de
1327 2250 1377 2279 tali
1403 2252 1552 2279 sermonis
1576 2261 1704 2287 genere,
1740 2250 1819 2288 quod
1843 2249 1989 2287 simplex,
2016 2250 2167 2287 proprium

163 2303 199 2321 ex
223 2293 387 2331 scripturae
411 2292 544 2322 sontibus
567 2297 707 2328 sumtum,
731 2298 760 2323 et
784 2295 972 2332 gravissimis
997 2294 1034 2322 de
1059 2295 1160 2322 causis
1183 2295 1211 2322 in
1235 2293 1319 2322 Eccl.
1344 2298 1513 2332 receptum,
1548 2298 1638 2331 atque
1663 2294 1804 2321 usitatum
1829 2296 1930 2322 esset:
1965 2292 2107 2330 qnodque
2127 2302 2168 2320 ar-

160 2335 271 2364 ticulos
295 2337 322 2364 in
348 2335 430 2365 Ecel.
457 2337 648 2365 necessarios
673 2337 786 2371 dextre,
810 2337 982 2376 perspicue,
1007 2340 1037 2365 et
1055 2337 1104 2374 pie
1127 2337 1301 2376 explicaret,
1333 2341 1363 2366 et.
1391 2342 1492 2366 contra
1521 2336 1602 2375 quod
1631 2336 1794 2364 adversarii
1819 2334 1910 2369 nihil,
1946 2335 2027 2372 quod
2059 2334 2169 2363 saltem

162 2378 388 2408 similitudinem
414 2379 544 2417 aliquam
571 2380 631 2408 veri
657 2380 792 2414 haberet,
815 2380 919 2408 afferre
939 2383 1098 2418 possent.“

936 2435 940 2447 Ι

366 2462 491 2493 Praeter
518 2464 594 2493 haec
627 2465 738 2494 iudicia
772 2466 860 2495 etiam
894 2466 951 2494 tria
984 2465 1085 2503 elogia
1118 2466 1238 2504 poetica
1271 2465 1300 2494 in
1329 2464 1536 2494 Melanthonis
1567 2465 1669 2493 Locos
1694 2462 1865 2493 Strobelius
1895 2463 1915 2491 l.
1939 2462 1957 2491 l.
1981 2473 2010 2501 p.
2036 2464 2095 2492 219
2120 2472 2168 2499 sq.

162 2507 262 2538 affert:
