2325 2942
195 150 260 182 729
583 149 608 182 1.
631 148 735 180 LOCl
757 146 1042 180 THEOLOGICl:
1067 147 1185 178 LIBRI
1208 148 1270 179 AD
1294 148 1384 180 HOC
1403 149 1518 181 OPUS
1543 149 1836 184 SPECTANTES.
2140 154 2203 186 730

402 243 565 272 Praeterea
585 242 622 271 de
646 243 768 271 istorum
789 242 975 279 aliorumque
999 242 1100 280 inepta
1119 245 1148 270 et
1172 251 1263 279 prava
1286 243 1520 281 reprehensione
1538 244 1685 282 legantur,
1707 256 1784 283 quae
1815 244 2067 277 Camerarius
2091 250 2118 277 in
2143 251 2201 278 vita

195 285 403 316 Melanthonis
422 288 512 322 §.115
528 304 567 308 —
584 286 652 314 122.
666 292 707 324 (p.
735 288 794 313 3th
820 295 887 322 sqq.
908 284 963 313 Ed.
976 284 1123 321 Str-ohel.)
1153 284 1242 317 dixit,
1268 286 1428 323 exquibus
1443 291 1553 315 tantum
1569 287 1626 316 hos
1641 288 1718 316 duos
1738 288 1850 317 locose
1866 291 1890 325 §.
1905 293 1971 319 118.
1983 294 2024 329 (p,
2036 294 2110 323 355,
2131 299 2161 321 et
2184 303 2200 321 e

196 332 222 367 §.
247 330 314 358 1⁴21.
339 333 381 368 (p.
407 331 492 365 391.)
518 328 546 357 h.
571 328 589 356 l.
613 328 722 356 affero:
747 327 860 362 „Quod
885 328 983 356 sicubi
1008 326 1226 356 Melanchthon
1247 332 1377 361 crassen
1397 330 1423 356 si
1448 328 1553 368 lapsus
1574 336 1670 360 esset.
1705 332 1732 359 si
1757 332 1949 370 deliquisset.
1986 338 2047 362 erat
2066 335 2200 372 profecto

196 374 321 401 istorum
346 373 421 401 tueri
447 372 529 400 illum
555 374 701 399 mortuum
726 371 910 408 praesertim,
935 374 1090 408 peccatum
1115 370 1305 409 culpamque,
1331 380 1409 407 quae
1433 372 1461 399 in
1486 383 1552 400 eum
1574 373 1765 407 conferretur,
1787 385 1938 404 remo-'ere
1963 381 1991 405 et
2014 381 2126 414 tegere.
2152 378 2200 406 de-

195 415 329 448 fendere,
355 419 496 452 quantum
521 413 745 445 concederetur,
769 413 908 445 amicum,
932 412 1088 444 fautorem,
1111 413 1295 446 beneficum,
1320 414 1514 450 magistrum,
1534 420 1769 454 praeceptorem,
1795 418 1874 455 quod
1894 429 1999 447 nomen
2019 420 2087 448 istis
2107 426 2201 449 morte

194 459 312 487 tristius
336 462 394 486 est,
440 458 481 486 At
505 457 562 495 ipsi
587 456 656 494 quid
683 456 817 484 faciunt?
835 456 985 484 rimantur.
1010 455 1091 493 quod
1111 465 1258 494 nusquam
1282 459 1339 489 est,
1365 461 1470 485 eruunt
1494 459 1602 491 omnia,
1623 459 1691 487 ficta
1714 464 1803 496 atque
1829 460 1905 489 salsa
1930 465 2089 491 ostentant,
2126 463 2199 492 Tan-

195 510 284 539 quam
309 501 461 529 obsi-onae
485 509 558 528 aves
589 499 626 527 ad
645 498 818 537 sepulcrum
843 499 910 526 eius
935 498 1087 534 advolant,
1110 503 1162 527 aut
1185 502 1217 527 ut
1240 508 1332 527 canes
1353 498 1518 533 cadavera,
1542 502 1587 528 sic
1611 501 1717 529 samam
1739 512 1908 541 nomenque
1938 504 2075 534 lacerant.
2122 505 2198 534 Nam

195 543 277 582 quod
307 543 343 571 ad
375 553 508 576 errores,
544 552 621 580 quos
641 541 795 569 confutare
819 542 868 569 isti
893 551 927 568 se
951 542 1136 579 profitentur,
1160 542 1281 574 attinet,
1312 542 1353 570 ita
1376 551 1447 569 sese
1472 552 1520 569 res
1540 543 1673 581 profecto
1694 544 1794 575 hahet.
1820 551 1850 574 ut
1875 547 1952 575 istae
1977 548 2200 577 confutationes

194 585 288 614 multo
313 596 401 624 quam
426 596 471 618 ea,
497 595 574 623 quae
595 584 632 612 ad
656 583 866 612 confutandum
888 588 1055 617 sumuntur,
1080 584 1183 622 plures
1203 584 1273 612 dent
1297 585 1412 612 errandi
1437 586 1632 615 occasiones.
1668 592 1876 625 praeterquam
1902 590 1982 626 quod
2007 594 2077 618 sunt
2101 592 2200 619 vanis-

194 629 304 662 simae,
329 632 358 658 et
381 629 408 656 si
429 628 497 666 quis
517 627 662 660 convicia,
683 627 799 665 probra,
835 626 1005 660 maledicta,
1041 628 1263 656 criminationes
1283 628 1402 661 eximat,
1427 627 1499 656 nihil
1524 628 1654 657 futurum
1677 630 1717 657 sit
1741 629 1801 657 illis
1826 632 1954 660 inanius.
2001 632 2088 670 (Pag.
2115 636 2200 670 32⁸1.)

194 670 297 700 Fuerit
316 672 344 700 in
365 672 432 710 ipso
456 671 518 700 vitii
532 670 656 708 aliquid,
677 669 824 707 quaedam
848 670 999 703 nescierit,
1024 669 1130 708 lapsus
1155 670 1366 708 deceptusque
1385 669 1494 700 alicubi
1519 673 1569 705 sit,
1590 671 1645 700 fuit
1664 673 1741 700 enim
1762 672 1862 701 homo.
1883 678 1912 703 et
1931 674 2029 703 solius
2049 674 2108 703 Dei
2128 686 2200 705 esse

193 715 320 748 scimus,
341 718 372 743 ut
393 714 472 742 omni
496 713 563 742 labe
587 713 771 750 ignorantiae
796 716 825 740 et
849 712 965 740 macula
983 713 1175 751 turpitudinis
1195 718 1309 741 careat:
1335 713 1507 742 confirmare
1531 719 1629 742 tamen
1655 714 1721 749 hoc,
1742 720 1773 744 ut
1797 717 1910 754 opinor,
1931 717 2029 747 liceat.
2053 719 2128 748 inter
2151 730 2200 747 uo-

193 760 275 786 stros
300 756 438 785 homines
456 757 616 785 sanctitate
639 754 803 793 religionis,
824 756 934 793 ingenii
961 755 1150 789 excellentia,
1171 756 1339 794 sapientiae
1364 757 1543 795 virtutisque
1563 757 1735 795 splendore,
1771 760 1893 797 pietate.
1924 760 2118 792 humanitate,
2151 763 2202 790 be-

194 800 369 833 neficentia,
404 799 502 828 omnis
538 798 628 827 officii
659 808 797 830 munere.
833 808 869 826 ea
893 798 1012 836 quidem
1038 798 1219 833 conditione,
1255 809 1314 837 qua
1339 798 1391 828 ille
1414 798 1470 828 fuit
1493 804 1523 829 et
1546 800 1598 829 tali
1622 800 1700 833 loco,
1724 811 1824 839 parem
1849 803 1876 830 ei
1901 802 1957 831 hac
1979 808 2077 833 aetate
2101 804 2199 833 fuisse

194 843 355 877 neminem,
373 842 531 871 suturusne
555 841 667 879 aliquis
690 842 731 870 sit
753 841 892 880 posthac,
917 842 1061 870 incertum
1082 846 1160 870 est-⁶

400 934 460 970 Qui
480 935 620 973 singulos
639 945 769 969 errores,
789 945 867 973 quos
892 936 941 964 isti
965 936 993 963 in
1017 934 1223 964 Melanthonis
1244 935 1336 964 Locis
1356 945 1392 964 se
1417 937 1573 965 invenisse
1597 937 1756 972 iactabant,
1781 943 1811 967 et
1835 940 1954 967 omnino
1979 943 2198 970 controversias

193 978 276 1008 illius
294 978 440 1017 temporis
459 977 649 1016 theologicas
673 979 840 1007 accuratius
865 987 1050 1016 cognoscere
1071 978 1153 1011 velit,
1179 978 1322 1017 inspiciat
1345 978 1440 1008 hosce
1459 978 1575 1009 llbros:

398 1053 491 1085 Libri
507 1053 707 1084 Christianae
730 1053 949 1085 Concordiae:
971 1054 1113 1094 Symboli
1135 1053 1348 1084 Ecclese‘arum
1370 1060 1498 1094 γνησίως
1520 1056 1777 1095 Latheranarum,
1796 1060 1961 1088 novissimo
1984 1059 2042 1088 hoc
2055 1063 2198 1099 tempore,

443 1096 533 1135 lonqe
552 1099 763 1135 aaqustissimi
773 1108 780 1131 ς
800 1096 986 1135 Explicatio
1007 1097 1105 1135 plana
1129 1101 1159 1126 et
1174 1099 1353 1136 perspicua,
1373 1098 1411 1127 In
1430 1097 1607 1128 Elector-ali
1629 1100 1799 1130 Academia
1827 1100 2063 1141 lVitteberyensi
2079 1104 2201 1141 publice

437 1141 617 1178 proposita,
637 1151 656 1168 α
674 1139 779 1169 Leon
788 1139 832 1168 lta
844 1144 906 1169 rto
930 1140 1116 1170 liuttere.-
1145 1140 1178 1169 S.
1208 1139 1395 1180 Tlteoloyiae
1417 1141 1568 1176 Doctore,
1593 1147 1623 1171 et
1646 1142 1833 1179 Professor-e
1855 1144 1893 1173 P.
1920 1156 1958 1174 ac
1979 1146 2010 1174 S.
2040 1145 2199 1176 Witleber—

440 1193 500 1222 yae
522 1185 611 1212 1608.
638 1186 665 1212 ὅ.
691 1201 730 1205 —
750 1182 862 1211 Editio
882 1183 982 1211 altera
1000 1184 1110 1221 priore
1129 1182 1223 1212 multo
1248 1186 1429 1213 correctior.
1460 1184 1669 1223 Wizteberqae
1691 1185 1837 1216 Ezcusa:
1861 1187 2040 1227 Samptibus
2064 1189 2198 1219 Zachar.

441 1225 589 1254 ›Sc-hareri
621 1224 762 1264 Bibliop.
799 1225 892 1265 Typis
910 1225 1039 1255 loleann,
1061 1225 1220 1259 Gor-mani,
1240 1226 1330 1255 Anno
1355 1226 1486 1256 Gratiae
1505 1228 1681 1258 M.DC.IX.
1718 1232 1745 1259 8.
1779 1249 1815 1252 —
1842 1229 1954 1260 Editio
1971 1231 2075 1261 Tertia
2091 1234 2200 1270 priore

437 1268 533 1297 multo
556 1270 734 1297 correctior.
795 1268 1004 1307 Wieteberyae
1030 1268 1182 1298 Excusa:
1210 1268 1388 1308 Samptibns
1421 1270 1555 1299 Zaclzar.
1584 1271 1732 1301 ,Sc-harere·
1753 1271 1896 1312 Bibliop.
1923 1277 1950 1303 8.
1974 1276 2042 1304 sine
2066 1277 2134 1304 anni
2159 1277 2199 1305 in-

441 1312 529 1340 dicio.
556 1330 591 1333 —
617 1311 730 1340 Editio
755 1310 876 1344 Quarta
895 1312 1006 1349 priore
1029 1311 1123 1340 multo
1147 1314 1327 1342 correctior.
1359 1312 1566 1352 Witteberyae
1588 1313 1733 1345 Est—usa.-
1757 1315 1934 1355 sumptibus
1952 1317 2085 1347 Zachar.
2106 1318 2199 1348 Schu-

438 1356 502 1383 γετί
523 1353 665 1393 Bibliop.
692 1356 718 1384 8.
741 1355 808 1383 sine
833 1355 901 1382 anni
938 1354 1057 1384 indicio.
1072 1356 1101 1392 Τ)
1125 1373 1164 1378 -
1190 1352 1221 1383 In
1247 1354 1305 1384 hoc
1327 1355 1405 1385 libro
1429 1357 1564 1396 inprimis
1588 1357 1781 1388 conserantur
1803 1358 2033 1399 Prolegomena.

393 1448 574 1478 Eiusdem
599 1448 779 1478 Concordia
803 1458 934 1477 concors
957 1448 997 1477 de
1019 1449 1141 1486 oriyz‘ne
1162 1452 1192 1478 et
1205 1459 1379 1488 proyressu
1397 1451 1552 1488 formulae
1570 1453 1760 1482 concordiae
1783 1452 1859 1482 liber
1881 1465 1969 1489 unus,
1996 1456 2027 1483 in
2051 1465 2111 1494 quo
2134 1456 2199 1486 Ho-

436 1493 576 1530 apiniani
594 1493 741 1524 convitia,
764 1491 926 1520 mendacia
951 1495 981 1520 et
998 1492 1164 1528 manifesta
1183 1493 1313 1521 crimina
1336 1493 1416 1530 falsi
1440 1493 1625 1533 deteyuntur
1650 1497 1744 1535 jussu
1777 1495 1915 1527 Elector.
1944 1497 2023 1528 Sax.
2049 1509 2115 1527 cum
2145 1510 2198 1538 ap-

430 1534 621 1573 probatione
655 1534 865 1573 tlzeoloyoram
898 1533 987 1572 Lips.
1028 1534 1166 1564 Witemb.
1201 1539 1230 1565 et
1270 1534 1490 1576 I'Viirtembery.
1554 1537 1778 1577 IVitember-qae
1815 1542 1904 1572 1614,
1948 1540 2016 1570 Fol.
2041 1560 2083 1564 —
2106 1542 2198 1572 Aliae

437 1576 550 1606 Editt.:
591 1576 729 1606 Witemb.
769 1578 858 1606 1621.
897 1580 923 1605 4.
950 1595 987 1599 —
1014 1588 1080 1606 cum
1098 1578 1202 1615 praef.
1234 1577 1300 1607 Val.
1320 1578 1449 1608 Alban.
1508 1580 1655 1618 Francos:
1681 1586 1709 1611 et
1729 1581 1817 1621 Lips.
1847 1585 1938 1613 1690.
1965 1587 1993 1612 4.
2018 1602 2059 1606 —
2082 1585 2198 1615 Auctor

436 1619 527 1648 huius
561 1619 628 1648 libri
653 1630 682 1658 p.
708 1622 767 1649 333
783 1638 822 1641 —
838 1622 908 1649 348.
930 1619 1000 1657 (Ed.
1026 1630 1052 1663 a.
1081 1622 1188 1657 1621.)
1224 1621 1252 1649 in
1276 1621 1421 1660 peculiari
1446 1624 1545 1662 capite
1570 1624 1694 1654 disserit
1718 1625 1758 1654 de
1779 1624 1838 1654 ΡΙι.
1860 1626 2109 1665 Melanchtlwne,
2133 1630 2198 1658 eius

434 1664 563 1701 scriptis
585 1666 615 1690 et
638 1664 808 1692 autoritate
830 1664 862 1691 in
884 1664 1002 1691 nostris
1019 1663 1180 1692 Ecclesiis.
1195 1665 1247 1697 *ἣ
2038 1680 2042 1683 ⁴

393 1755 575 1786 Conradi
596 1755 952 1794 Sclzlic'sselburqii
976 1756 1144 1796 ΊῚιεοῖοῃία
1169 1756 1417 1788 Culuinistaram.
1462 1759 1672 1798 Francofurtz'
1691 1761 1734 1790 ad
1752 1761 1794 1790 M.
1814 1765 1916 1795 1594..
1939 1765 2117 1802 praesertim
2140 1764 2192 1795 lib.

435 1797 472 1828 ll.
491 1809 519 1838 p.
545 1801 703 1829 84—117.
726 1799 764 1828 de
789 1798 844 1829 Ph.
868 1799 1116 1829 Melanchthonis
1141 1801 1233 1830 dubia
1256 1802 1314 1831 fide
1337 1802 1365 1831 in
1390 1803 1511 1841 negotio
1535 1803 1785 1841 Sacmmentarffl,
1810 1810 1839 1835 et
1862 1805 1911 1835 lib.
1935 1805 1982 1836 lss.
2006 1817 2035 1846 p.
2064 1809 2100 1836 12
2125 1818 2194 1847 sqq.

435 1841 596 1872 Sententia
619 1852 690 1870 vera
708 1842 747 1871 de
772 1840 907 1881 Corpore
931 1843 1086 1873 doctrinae
1110 1843 1254 1884 Philippi.

389 1934 577 1965 Eiusdem
598 1936 830 1965 Ham-eticorum
855 1936 1035 1976 Cataloyus.
1060 1938 1207 1976 Francofi
1235 1941 1453 1970 1597—1599.
1480 1942 1515 1969 13
1537 1939 1623 1970 Tomi
1655 1944 1681 1971 ὃ.
1705 1943 1880 1981 praesertim
1905 1942 1988 1972 Tom.
2024 1942 2071 1972 ΠΙ.
2108 1947 2192 1981 (con-

434 1981 478 2007 tra
503 1977 701 2015 Calvinistas)
725 1979 761 2008 Τ·
786 1978 824 2008 V·
850 1982 968 2017 (contra
996 1980 1218 2020 synergistas)‚
1251 1981 1285 2011 T.
1310 1981 1364 2012 Vl,
1389 1986 1420 2012 et
1449 1982 1516 2012 vu.
1541 1988 1658 2022 (contra
1679 1984 1870 2023 Maioristas)
1894 1991 1924 2016 et
1943 1986 1975 2015 T.
1998 1986 2079 2016 xm.
2105 1992 2193 2025 (con.

433 2024 479 2050 tra
502 2021 761 2060 Adiaphoristas.)
776 2024 848 2060 atu)

390 2115 559 2144 Martini
595 2115 816 2145 Cleemnilii
845 2116 1003 2146 Indicium
1030 2118 1070 2146 de
1092 2120 1313 2148 controversiis
1330 2119 1522 2159 quibusdam,
1555 2131 1634 2160 quae
1656 2123 1814 2160 superiore
1838 2126 1973 2162 tempore
1996 2124 2081 2152 circa
2105 2135 2192 2163 qnos-

432 2158 505 2187 dam
524 2157 654 2196 Auslnst.
681 2158 771 2197 (lons.
796 2160 958 2190 Artlcnlos
980 2164 1080 2190 motae
1098 2165 1128 2190 et
1151 2163 1292 2200 ayitatae
1314 2166 1395 2192 sunt.
1437 2163 1632 2203 lViteberyae
1666 2168 1756 2195 1594.
1782 2170 1809 2196 ὃ.
1831 2184 1870 2187 ——
1895 2166 1965 2195 Alia
1988 2166 2060 2197 Ed:
2099 2168 2193 2196 lenae

436 2204 525 2230 1676.
551 2204 578 2230 4.
625 2201 682 2230 Hic
706 2202 781 2231 liber
805 2204 832 2231 in
862 2207 897 2232 10
921 2204 1020 2242 capita
1043 2204 1161 2233 divisus
1185 2209 1247 2234 est:
1277 2205 1299 2234 Ι.
1319 2206 1358 2235 de
1382 2210 1464 2236 certo
1494 2218 1618 2246 corpore
1642 2208 1811 2238 doctrinae:
1847 2207 1881 2238 ΙΙ.
1905 2211 1973 2249 περὶ
2004 2211 2056 2239 τοῦ
2085 2210 2192 2248 λόγους

434 2243 481 2272 ΙΙΙ.
505 2244 543 2273 de
566 2244 661 2273 libero
686 2245 823 2278 arbitrio;
848 2244 899 2276 lV.
925 2247 963 2276 de
983 2251 1106 2276 externa
1129 2248 1290 2286 disciplina
1312 2259 1369 2278 seu
1388 2250 1504 2279 iustitia
1528 2251 1641 2285 carnis;
1666 2251 1705 2281 V.
1730 2251 1767 2280 de
1792 2251 1934 2281 facultate
1963 2252 2047 2281 liberi
2078 2254 2191 2282 arbitrii

434 2298 491 2316 non
517 2288 628 2322 renati3
653 2287 706 2317 Vl.
731 2288 769 2316 de
793 2288 964 2318 definitione
988 2289 1161 2328 Evangeliiz
1185 2289 1253 2320 VH.
1273 2292 1311 2320 de
1334 2293 1447 2322 usitata
1469 2293 1644 2322 delinitione
1667 2295 1748 2332 quod
1771 2295 1811 2323 sit
1836 2295 2043 2333 Evangelium.
2071 2296 2189 2334 praedi-

433 2331 512 2360 catio
536 2331 740 2369 poenitentiae
764 2335 794 2361 et
817 2333 957 2361 remissio
980 2342 1084 2372 pecc.;
1108 2332 1189 2362 Vlll.
1203 2334 1240 2363 de
1264 2335 1389 2365 articulo
1413 2336 1652 2369 iustiticationis2
1676 2336 1728 2367 IX.
1741 2338 1779 2366 de
1805 2337 1891 2366 bouis
1915 2338 2076 2377 operibus;
2099 2339 2135 2368 X.
2151 2338 2189 2367 de

323 2480 348 2512 ‘)
368 2482 446 2508 Huius
466 2484 521 2509 libri
542 2484 613 2510 Editt.
633 2486 707 2510 2-4.
726 2486 781 2515 ipse
800 2486 929 2516 possideo.

309 2540 347 2572 “J
365 2542 400 2568 De
419 2543 466 2568 hoe
483 2547 588 2569 auctore
607 2544 672 2569 cont'.
692 2545 850 2570 neimmnnni
869 2545 948 2571 Cutal.
967 2546 1028 2572 Bibl.
1046 2547 1124 2572 theol.
1146 2554 1169 2579 ρ.
1189 2549 1230 2574 27.

297 2600 352 2633 m)
370 2603 404 2628 De
422 2603 469 2628 hoe
486 2609 563 2634 opere
583 2605 708 2635 polemico
726 2605 792 2630 conr.
812 2605 942 2636 sagittarii
960 2606 1116 2633 introductio
1133 2609 1159 2633 tn
1178 2609 1239 2634 nist.
1257 2609 1320 2634 Eccl.
1340 2615 1363 2639 p.
1382 2610 1439 2634 815.
