2325 2942
150 154 214 187 737
536 150 560 181 1.
584 147 686 181 LOCI
708 146 993 180 THEOLOGICI:
1016 146 1135 179 LIBRI
1157 147 1221 179 AD
1245 148 1335 180 HOC
1360 149 1474 182 OPUS
1498 149 1793 183 SPECTANTES.
2099 151 2162 185 733

358 246 515 277 Locorrm
543 244 546 285 Ι
577 243 740 283 Theoloyi-
761 247 764 282 Ι
787 252 893 274 corcm
916 242 961 273 D.
991 241 1043 273 Vi-
1065 242 1068 284 Ι
1089 243 1209 273 ctorini
1233 242 1318 274 Stri-
1339 245 1342 285 Ι
1361 246 1440 285 yelii
1463 248 1465 283 j
1487 245 1574 277 Pars
1599 245 1727 284 Qcarla
1749 248 1751 286 «J
1773 251 1801 276 et
1828 251 2003 287 postrema,
2033 249 2035 287 J
2064 247 2161 280 Edita

401 289 433 320 in
456 298 543 319 ins-um
563 287 740 318 quentatis
762 286 973 317 scholasticae
993 288 998 326 Ι
1019 286 1048 316 Α
1069 287 1073 323 1
1094 285 1329 326 Christophoro
1353 287 1476 318 Pezelio
1496 290 1499 329 Ι
1520 288 1554 319 S.
1582 288 1775 329 Theoloyiae
1799 290 1951 321 Doctore.
1974 291 1977 329 !
1999 290 2094 322 (Ideni
2119 290 2163 320 ln-

401 333 513 370 signe.)
537 330 681 371 Neapoli
702 328 963 369 Palatinormn,1
990 339 1029 359 ca:
1059 327 1202 369 Olficina
1236 328 1403 369 lllatthaej
1424 330 1599 362 Harnisch.
1621 332 1625 370 Ι
1677 332 1723 362 Μ.
1752 332 1791 362 D.
1845 333 2041 365 LXXXIIH.
2079 335 2159 373 411'2

402 375 502 414 plagg.
527 374 583 403 litt.
609 386 637 407 α,
661 374 690 413 β,
715 372 823 406 Λ-Ζ,
848 381 927 410 a-q
952 373 986 412 (β
1012 371 1200 413 l¹ss2p1agg.)
1225 373 1313 410 sign„
1337 374 1430 411 prima
1458 378 1494 403 1⁴¹
1519 374 1580 404 soll.
1606 385 1663 404 non
1689 386 1778 409 num.‚
1805 378 1863 405 :312
1888 387 1973 415 pagg.
1997 388 2087 406 num..
2116 380 2142 406 4.

444 459 522 488 Huic
546 458 626 488 Parti
651 458 789 488 adiuncta
809 461 896 486 sunt:

357 536 612 576 Paralipomena
632 537 636 574 Ι
656 535 689 565 in
711 534 817 566 Locos
843 534 920 566 The·
942 535 946 575 Ι
967 535 1106 576 classicos
1130 534 1278 575 Philippi
1296 535 1299 576 Ι
1319 534 1589 573 ΠΙεῖαηοΙιίΙιοηῐκ,
1611 538 1615 575 Ι
1637 537 1686 567 Eat
1700 538 1825 568 Scholis
1849 539 1970 569 szen-
2016 540 2101 571 sila-s
2125 539 2164 570 D.

407 578 568 610 Victorini
587 578 673 609 Stri-
693 578 697 616 Ι
715 578 806 618 yelij,
831 578 998 618 (lescrtpla
1026 579 1206 619 plam’aque
1235 588 1274 609 esc
1297 588 1353 609 au-
1375 578 1379 618 Ι
1407 579 1568 619 ίοῃναμΙιο
1599 580 1756 611 (naboris.
1805 584 1843 609 2n
1865 582 1962 620 plage.
1988 582 2043 611 litt.
2068 593 2164 612 r—z.

402 622 540 651 Aa—Nn
565 622 655 659 siga,
679 623 737 650 154
761 631 849 660 pagg.
875 632 965 656 nnm.‚
991 621 1043 651 ult.
1069 624 1085 651 3
1111 621 1173 651 toll.
1198 632 1256 650 non
1280 632 1370 657 num..
1396 623 1424 650 4.
1471 621 1517 650 Ex
1542 622 1644 651 harum
1667 623 1768 661 plagg.
1793 625 1945 662 signatura
1977 630 2005 654 et
2038 636 2075 654 ex
2105 636 2165 654 ver-

401 666 462 702 bis,
486 674 564 703 quae
589 665 617 692 in
641 674 709 702 pag.
734 664 849 703 penult.
873 665 971 693 media
994 664 1146 703 leguntur:
1170 664 1261 695 Finis·
1279 668 1418 705 quartae
1438 666 1559 704 paratz,
1580 669 1675 706 atquc
1698 667 1780 696 mleo
1797 668 1894 698 totius
1913 670 2021 708 operis
2066 669 2166 699 Loco-

400 717 472 739 rum
498 707 759 747 'I‘hcoloyicorum
783 707 905 747 Philip·
927 709 930 746 Ι
950 718 993 747 po
1022 707 1305 745 Victoricazorum„
1329 707 1514 747 intelligitur,
1539 708 1616 737 hanc
1640 709 1859 748 A-ppemlicem.
1886 721 2063 750 quamquam
2088 713 2167 751 pagi-

403 760 503 779 narum
530 751 644 779 numeri
676 750 775 779 denuo
804 760 822 779 a
846 761 924 781 num.
952 754 963 780 1
992 751 1160 785 ordiuntur,
1193 761 1250 780 non
1271 761 1345 780 esse
1369 750 1522 790 peculiare
1546 752 1707 790 scriptum.
1742 753 1799 782 sed
1823 754 1861 782 ad
1884 753 2002 784 Partem
2026 754 2078 783 IV.
2104 765 2167 794 per-

400 794 504 822 tinere.
519 794 551 830 ²¹²)

358 877 535 908 Victorinus
560 878 734 916 Strigelins.
760 883 849 907 natus
873 889 920 908 an.
949 880 1039 908 1524.
1066 880 1094 907 in
1120 879 1229 919 oppido
1249 880 1381 909 Sueviae
1404 879 1618 915 Kaufheuern.
1649 891 1695 910 an.
1724 882 1815 911 1542.
1847 884 1927 911 venit
1951 884 2167 922 &VitelierganL

154 924 205 953 ubi
223 921 354 962 peractis
379 921 490 950 studiis
510 922 577 961 ipse
601 921 726 950 scholas
750 923 881 961 privatas
903 922 1007 951 halmit
1031 932 1131 961 nsque
1156 932 1207 961 per
1231 922 1344 951 bellum
1369 923 1573 952 Schmalcald.
1601 924 1748 963 expulsus
1773 926 1898 964 primum
1919 926 2168 966 Magdeburgum.

153 975 223 995 mox
245 975 316 994 vero
340 963 508 994 Erfordiam
533 975 568 994 se
588 964 723 999 contulit,
748 965 828 994 unde
856 967 946 995 1545.
972 969 1098 994 vocatus
1123 969 1173 995 est
1195 964 1312 1000 lenam.
1338 970 1369 995 ut
1394 965 1593 1005 Theologiam
1625 967 1757 997 doceret.
1805 967 1837 997 ln
1869 971 2072 999 controversia
2103 981 2169 999 cum

152 1008 304 1038 Flacianis
328 1017 374 1037 an.
402 1010 492 1037 1559.
518 1009 545 1037 in
570 1018 720 1037 carcerem
745 1009 913 1042 coniectus.
939 1011 969 1038 et
987 1018 1082 1037 annos
1107 1012 1168 1037 tres
1192 1012 1328 1038 retentus
1352 1012 1411 1043 est,
1436 1007 1583 1039 liberatus
1606 1020 1651 1040 an.
1680 1012 1769 1040 1562.
1815 1012 1949 1051 Lipsiam
1975 1024 2010 1042 se
2035 1013 2169 1043 contulit.

153 1054 264 1091 postea
286 1055 387 1081 autem
412 1051 440 1079 in
464 1051 659 1080 Academiam
684 1051 979 1089 Heidelbergensem
1002 1054 1140 1086 vocatus,
1167 1052 1206 1080 ibi
1237 1051 1439 1090 Theologiam
1468 1052 1571 1082 docuit
1594 1057 1624 1083 et
1655 1064 1701 1082 an.
1730 1056 1820 1085 1560.
1846 1059 1980 1085 mortuus
2010 1061 2066 1086 est.
2113 1057 2170 1085 Hic

154 1093 272 1133 γνήσιος
294 1093 427 1132 Philippi
452 1094 639 1133 discipulus,
676 1098 705 1123 ut
730 1105 747 1123 a
770 1093 896 1124 Pczelio
921 1095 948 1123 in
973 1094 1115 1133 Epistola
1134 1095 1263 1124 dedicat.
1312 1094 1412 1125 Partis
1436 1095 1458 1124 I.
1484 1097 1660 1125 nominatur.
1685 1098 1792 1126 eodem
1816 1102 1911 1133 teste,
1937 1100 2070 1139 inprimis
2095 1110 2171 1129 anla-

153 1138 206 1167 bat
228 1140 259 1167 et
281 1137 512 1176 magnil'aciebat
534 1137 642 1166 librum
665 1136 815 1167 Locorum
840 1137 1093 1176 Theologicorum
1117 1137 1341 1172 Melantho¹1is‚
1374 1149 1463 1177 quem
1494 1140 1522 1168 in
1542 1139 1698 1178 plerisque
1721 1141 1908 1170 Academiis.
1934 1143 1961 1171 in
1987 1144 2097 1181 quibus
2123 1143 2171 1172 do-

154 1181 224 1215 cuit,
248 1179 370 1219 publice
393 1180 541 1219 praelegit
565 1184 596 1209 et
620 1180 788 1210 illustravit.
833 1180 898 1210 Has
927 1180 1150 1219 praelectiones
1181 1180 1318 1219 Strigelii
1347 1180 1492 1210 Pezelius
1522 1183 1627 1220 partim
1658 1184 1686 1212 in
1717 1182 1838 1213 lenensi
1861 1186 2028 1215 Academia
2055 1196 2093 1215 ex
2122 1196 2172 1215 ore

154 1223 254 1263 ipsius
277 1223 415 1262 excepit,
439 1224 543 1262 partim
569 1224 655 1253 amici
681 1234 719 1253 cx
743 1224 810 1253 eius
835 1224 863 1252 in
887 1223 995 1252 schola
1018 1223 1175 1262 Lipsiensi
1205 1224 1463 1263 praelectionibus
1484 1235 1550 1254 cum
1574 1225 1698 1255 Pezelio
1724 1229 1996 1263 communicarunt,
2034 1231 2083 1268 qui
2119 1239 2172 1258 eas

154 1276 262 1296 omnes
276 1265 400 1304 collegit
423 1266 578 1305 ediditque
598 1267 626 1295 in
651 1266 709 1295 hoc
722 1266 834 1305 Opere,
860 1266 941 1305 quod
954 1267 1084 1305 Principi
1098 1266 1239 1296 Maur-itio
1254 1267 1444 1305 Landgravio
1465 1267 1600 1297 Hassiae
1625 1270 1744 1299 dicavit.
1768 1271 1892 1300 Hieron.
1906 1272 2037 1301 Mertius
2062 1274 2089 1301 in
2104 1271 2172 1302 Dis-

155 1310 321 1339 sertatione
344 1308 473 1348 (Christ.
494 1310 606 1340 Eherh.
630 1309 812 1339 VVismanno
835 1309 992 1348 praeside)
1017 1321 1042 1338 a.
1072 1310 1161 1339 1732.
1209 1309 1367 1348 Tubiugae
1391 1310 1508 1345 habita,
1534 1322 1613 1350 quae
1637 1313 1781 1352 inscripta
1805 1319 1867 1343 cst:
1902 1314 2052 1346 Historia
2090 1317 2174 1347 citae

155 1355 187 1383 et
209 1353 504 1384 controversiarmn
533 1352 612 1384 Vict.
636 1352 795 1393 Slrz'qelii,
819 1362 846 1391 p.
863 1354 912 1381 64.
933 1352 971 1381 de
991 1352 1050 1381 hoc
1069 1351 1172 1391 Opere
1192 1353 1239 1381 sic.
1259 1353 1386 1384 iudicat:
1409 1353 1531 1389 „Editio
1552 1355 1646 1385 nitida
1665 1360 1721 1386 cst.
1767 1356 1861 1386 Liber
1885 1358 1952 1396 ipse
1971 1358 2173 1389 methodicus.

154 1396 337 1435 perspicuus
362 1399 393 1425 et
411 1397 566 1435 copiosus,
586 1399 619 1425 ut
636 1396 742 1424 mirurn
761 1396 811 1429 sit,
832 1395 903 1424 huic
925 1395 988 1424 viro
1013 1395 1166 1425 facilitatis
1187 1399 1216 1425 et
1229 1397 1457 1435 perspicuitatis
1477 1408 1626 1436 nunquam
1652 1410 1709 1428 non
1730 1400 1959 1431 studiosissimo
1980 1412 2101 1440 semper
2125 1403 2175 1430 ob-

155 1439 264 1468 iectam
288 1438 387 1468 fuisse
411 1439 626 1468 obscuritatem
649 1442 681 1467 et
702 1439 928 1477 ambiguitatem
949 1439 1099 1467 sermonis
1119 1439 1148 1467 in
1172 1440 1403 1477 quaestionibus
1432 1442 1668 1472 contl·oversls.“
1715 1442 1874 1473 Semlerus
1901 1454 2024 1484 quoque
2044 1445 2123 1474 hunc
2142 1445 2175 1474 li-

156 1482 241 1512 brum
261 1483 288 1511 in
308 1482 530 1511 introductione
549 1482 578 1510 iu
598 1480 798 1520 Dogmaticen
818 1480 1042 1520 Baumgartenii
1063 1481 1096 1511 T.
1120 1480 1155 1512 11.
1179 1491 1209 1520 p.
1234 1484 1302 1511 155.
1322 1482 1411 1511 valde
1429 1482 1540 1513 laudat.

365 1578 392 1606 3.
414 1576 499 1607 Loci
519 1575 689 1617 theoloyici
710 1575 791 1606 Rev.
815 1579 845 1606 et
869 1574 1006 1606 Clariae.
1039 1573 1111 1606 Viri
1133 1575 1176 1606 D.
1204 1575 1351 1607 Martini
1373 1576 1545 1609 Chenmitii
1572 1578 1607 1609 S.
1635 1578 1692 1610 Th.
1716 1579 1761 1610 Ι).
1786 1585 1882 1622 atque
1910 1581 2029 1613 Eccles.
2053 1582 2177 1614 Brutis-

407 1619 469 1650 uic.
493 1619 655 1659 quondam
678 1618 843 1658 Super-int.
866 1617 1057 1660 fidelissimi,
1080 1619 1196 1660 quibus
1218 1623 1248 1650 et
1272 1619 1357 1650 Loci
1378 1630 1554 1653 communes
1580 1621 1625 1652 D.
1639 1622 1699 1653 Ph.
1724 1623 1984 1657 Illelanchthonis
2002 1627 2176 1667 perspicue

406 1661 625 1701 explicantur,
649 1665 680 1692 et
702 1662 799 1702 quasi
819 1662 978 1702 intcyrum
1001 1661 1122 1693 Christ.
1147 1662 1253 1693 doctr.
1278 1672 1399 1703 corpus
1421 1663 1586 1696 Ecclesiae
1607 1665 1675 1697 Dei
1695 1676 1829 1708 syncere
1850 1669 2055 1709 yffoponitur.
2088 1670 2181 1701 Ecliti

406 1704 531 1735 nomine
553 1704 739 1742 haeredum,
760 1714 863 1745 opera
886 1708 916 1736 et
938 1705 1047 1736 studio
1071 1705 1180 1746 Polyc.
1206 1705 1335 1737 Leiseri
1355 1706 1400 1736 D.
1420 1706 1627 1740 Successoris
1655 1710 1769 1750 ipsius.
1823 1710 2041 1751 Francofurti
2061 1713 2106 1744 ad
2129 1713 2178 1744 Μ.

412 1749 502 1778 1591.
527 1750 554 1777 4.
595 1750 611 1778 3
636 1746 754 1777 Partes.
785 1767 826 1771 —
857 1747 943 1777 Hanc
961 1748 1084 1787 primam
1110 1748 1191 1778 Edit.
1211 1752 1339 1778 secutae
1362 1753 1435 1780 sunt
1457 1750 1571 1790 plures.
1597 1751 1754 1793 Francos.
1778 1756 1869 1785 1599.
1895 1758 1911 1785 3
1932 1754 2042 1786 Partes
2067 1757 2179 1794 8.³¹‘*):

407 1790 486 1863 ξιὺιίί.
525 1792 614 1821 1604.
651 1792 667 1820 3
699 1790 806 1821 Partes
827 1792 876 1829 8.;
917 1790 1064 1822 Wiuenb.
1099 1793 1188 1822 1610.
1221 1794 1237 1822 3
1262 1791 1370 1823 Partes
1394 1793 1478 1831 F01.;
1510 1794 1665 1835 Francos.
1689 1799 1780 1827 1615.
1801 1796 1879 1832 Fol„
1915 1798 2047 1838 denique
2071 1799 2179 1838 prodiit

431 1843 538 1863 aecce:

367 1928 385 1946 θ’
404 1927 487 1958 Loci
510 1926 693 1968 leeoloyz'cc
711 1927 715 1968 Ι
735 1926 802 1958 Dn.
824 1928 828 1969 Ι
848 1927 996 1959 Martini
1014 1928 1018 1969 Ι
1037 1929 1054 1947 *
1079 1927 1258 1968 Chemnitii,
1278 1929 1282 1970 Ι
1307 1929 1461 1972 Theoloyi
1481 1931 1573 1973 lonye
1593 1933 1597 1974 Ι
1618 1934 1826 1973 celeberrimi,
1855 1940 1952 1978 atque
1975 1937 2138 1970 Ecclesiae
2157 1940 2161 1979 Ι

410 1969 660 2002 Brzmsvicensis
684 1971 846 2011 quondam
866 1973 871 2012 Ι
891 1970 1194 2011 Superintendentis
1214 1972 1402 2014 fidelissimi.
1424 1975 1428 2015 Ι
1448 1975 1466 1993 ‘¹‘
1493 1974 1615 2014 Qcibus
1637 1981 1666 2008 et
1696 1977 1780 2009 Loci
1808 1978 1992 2012 Communes
2012 1985 2016 2020 Ι
2036 1981 2081 2012 D.
2105 1981 2180 2013 Phi·
2213 1980 2217 1986 ’

412 2013 498 2053 lippi
509 2013 769 2045 Melanchthonis
790 2014 793 2054 Ι
814 2013 992 2055 Perspicue
1010 2015 1227 2056 evplicantur,
1263 2020 1294 2048 et
1316 2018 1412 2057 quasi
1431 2018 1591 2060 inteyrum
1615 2019 1824 2053 Christianae
1849 2023 2019 2056 doctrinae
2038 2027 2042 2064 Ι
2063 2035 2182 2066 corpus

412 2055 578 2088 Ecclesiae
610 2057 679 2088 Dei
709 2058 834 2088 sincere
865 2059 1078 2098 proponitur,
1099 2059 1103 2099 Ι
1123 2058 1216 2090 Edili
1247 2069 1351 2101 opera
1379 2065 1410 2092 et
1432 2063 1541 2094 studio
1561 2063 1565 2104 Ι
1587 2065 1604 2082 '⁶
1628 2063 1810 2106 Polycarpi
1830 2066 1966 2109 Lcyseri
1981 2068 2024 2099 D.
2045 2068 2050 2108 Ι
2072 2069 2182 2100 Editio

411 2099 599 2138 novissima,
630 2101 770 2132 caeteris
801 2100 943 2132 onmihus
965 2102 1196 2134 emaculatior:
1229 2103 1234 2144 Ι
1265 2103 1329 2135 Cui
1350 2108 1488 2144 praeter
1509 2108 1703 2145 jamdudum
1738 2109 1857 2141 addita
1888 2112 1891 2151 Ι
1922 2111 1940 2129 *
1963 2111 2185 2144 Fundamenta

414 2151 516 2174 sanae
535 2142 540 2182 Ι
560 2142 744 2175 Doctrinae
774 2144 814 2175 dc
843 2153 925 2176 ‘cera
948 2148 979 2175 et
1008 2145 1218 2177 substantiali
1236 2147 1239 2188 Ι
1260 2146 1467 2186 Praesentia,
1491 2148 1706 2189 Eahibitione,
1729 2156 1760 2183 et
1781 2155 1959 2194 sumptione
1982 2156 2133 2196 corporis
2155 2159 2185 2186 et

415 2186 584 2226 sfmyuinis
607 2186 744 2218 Domini
760 2186 764 2228 Ι
785 2188 819 2218 in
842 2186 962 2225 Comen,
980 2189 1121 2229 repetita
1144 2188 1186 2220 ab
1209 2190 1316 2221 codem
1334 2189 1380 2220 1).
1404 2190 1557 2224 Illartino
1577 2193 1581 2235 Ι
1603 2194 1795 2226 Chemnitio:
1815 2198 1818 2234 Ι
1840 2196 1880 2227 Et
1902 2198 1905 2238 Ι
1925 2198 1942 2215 *
1966 2198 2121 2230 Libellum
2145 2198 2185 2229 de

415 2228 542 2260 duabus
562 2229 566 2271 Ι
585 2230 714 2261 nalvris
736 2230 770 2261 in
793 2229 937 2268 Christo,
961 2232 1135 2263 carcndem
1155 2232 1159 2273 Ι
1179 2232 1385 2274 hypostatica
1407 2235 1534 2273 unione,
1568 2241 1626 2269 etc.
1672 2237 1725 2269 ‚De
1742 2241 2023 2272 connuum'catiom-
2047 2241 2183 2273 idioma-

415 2275 479 2302 tum
499 2272 503 2312 Ι
523 2273 665 2311 ejusdem
688 2272 856 2304 Authoris.
877 2274 882 2315 Ι
902 2273 998 2305 Nunc
1024 2275 1145 2306 Recens
1167 2276 1312 2308 Accessit
1333 2277 1337 2317 Ι
1359 2278 1376 2296 *
1403 2276 1595 2321 'I'heoloyiae
1614 2280 1823 2320 Icma‘tarum,
1845 2283 1849 2324 Ι
1879 2283 1928 2314 ΕΓ
1951 2293 2086 2316 censen-a
2105 2294 2183 2325 qna-

414 2314 490 2345 dam
512 2315 640 2347 illorum
666 2316 852 2347 Coloniensi
872 2317 966 2348 Anno
988 2321 1082 2349 1560.
1104 2319 1108 2359 Ι
1129 2319 1229 2358 edita,
1251 2320 1254 2362 Ι
1274 2319 1466 2361 Descriptio
1488 2327 1517 2354 ct
1540 2323 1725 2356 Dclineatio
1745 2326 1749 2366 Ι
1770 2326 1821 2357 ΑΙ)
1842 2327 1949 2357 cotlcm
1973 2329 1990 2346 *²
2016 2328 2057 2358 B.
2075 2327 2182 2359 chem-

415 2358 496 2389 nitio
520 2359 695 2391 mlornala.
718 2360 722 2400 Ι
743 2359 878 2400 Adjccti
897 2364 970 2392 sunt
992 2360 1121 2393 Indices
1143 2362 1188 2394 ad
1206 2363 1348 2405 sinyulos
1375 2363 1562 2398 'Praelata-v.
1584 2368 1587 2407 Ι
1608 2366 1826 2409 Francosurti
1852 2374 1881 2401 ct
1915 2370 2139 2413 ll'ittcbcryac,
2161 2371 2164 2410 Ι

279 2553 305 2586 ’)
325 2555 376 2581 Hoc
394 2560 457 2586 opus
477 2561 509 2582 ex
528 2556 644 2582 Biblioth.
665 2557 810 2583 academica
831 2558 935 2584 Halensi
956 2558 980 2584 in
1001 2559 1118 2585 manibus
1138 2560 1230 2587 habeo.

266 2613 304 2646 “)
322 2615 400 2642 Huius
418 2616 538 2643 Editionis
558 2616 661 2643 Partem
682 2618 696 2643 l.
716 2618 770 2649 ipse
789 2618 917 2650 possideo.

327 2675 472 2695 nummu.
488 2677 571 2698 orna
588 2678 650 2696 vor..
668 2678 740 2699 xxn.
1982 2682 2014 2705 47
