2325 2942
172 130 235 160 727
802 130 913 162 PHIL.
937 130 1038 161 MEL.
1063 131 1248 163 SCRIPTA
1274 133 1549 165 DOGMATICA.
2113 135 2177 167 728

379 222 583 252 Tilemann
594 234 637 251 us
658 223 894 255 Heshusius,
920 225 1069 263 quondam
1093 226 1299 254 Melantbonis
1319 227 1488 264 discipulus
1514 231 1544 256 et
1567 228 1594 254 in
1620 227 1724 255 eadem
1750 227 1837 255 domo
1858 227 2006 261 habitans,
2030 232 2059 256 at
2077 229 2175 258 animo

173 265 215 294 illi
239 265 473 297 dissimillinuffi,
495 267 522 294 in
548 267 680 295 oratione
705 267 742 294 de
762 267 863 295 studio
885 267 1056 306 theologico
1081 269 1232 297 formando
1258 269 1331 296 hacc
1366 270 1508 307 scripsit:
1531 269 1632 298 „Vere
1658 270 1745 298 nobis
1770 269 1806 298 de
1832 274 1951 298 nostrae
1975 271 2084 299 aetatis
2110 271 2176 300 seli-

172 309 261 336 citate
285 311 315 336 et
339 309 510 337 admiranda
534 309 600 337 luce
624 310 778 337 doctrinae
801 310 940 346 gratulari
966 321 1139 349 possuimus.
1188 311 1242 339 Est
1262 312 1338 339 enim
1364 312 1391 339 in
1413 312 1542 340 omnium
1563 312 1699 340 manibus
1724 313 1930 341 eruditissima
1950 313 2109 341 methodus
2134 317 2176 342 to-

172 352 231 379 tius
252 351 404 379 doctrinae
429 351 553 385 Christi,
579 352 691 389 scripta
714 362 730 380 a
755 351 788 379 P.
806 352 989 382 Melancbth.
1011 354 1037 381 in
1059 364 1117 391 qua
1136 353 1246 391 singuli
1271 354 1387 382 articuli
1414 365 1485 393 pure
1510 356 1576 383 sine
1602 355 1740 383 omnibus
1761 355 1948 393 corrupteliS,
1973 366 2092 384 summa
2114 367 2175 384 ver-

172 394 274 421 borum
303 395 484 431 proprietate
508 399 537 422 et
557 395 771 432 perspicuitate
796 396 925 434 expositi
949 401 1036 430 sunt,
1071 397 1195 434 partium
1216 397 1313 424 series
1338 397 1575 435 prudentissime
1598 400 1763 425 monstrata
1782 401 1837 426 est.
1907 398 2095 426 Testimonia
2117 400 2176 427 evi-

171 436 273 464 dentia
295 446 413 464 sununo
437 436 564 465 consilio
585 441 613 465 et
637 437 790 475 diligentia
816 443 1000 467 coacervata.
1046 438 1155 466 Nullae
1180 440 1298 467 otiosae
1322 440 1551 478 speculationes
1571 440 1719 468 admixtae
1744 443 1827 471 sunt,
1864 441 1919 468 sed
1945 442 2043 469 omnia
2068 441 2176 470 referta

170 482 239 507 sunt
264 478 387 507 salutari
409 479 552 507 doctrina.
600 480 646 507 Ac
671 491 740 507 vere
765 480 801 508 de
826 480 882 509 hoc
903 483 1016 519 scripto
1042 482 1144 509 testari
1169 491 1350 519 possumus,
1388 493 1453 510 cum
1484 482 1646 521 Philippus
1677 483 1705 510 in
1726 482 1794 510 aliis
1819 484 2039 511 commentariis
2069 494 2175 512 omnes

171 522 301 549 omnium
326 525 491 559 temporum
517 522 758 551 Ecclesiasticos
783 524 953 562 Scriptores
978 524 1066 561 longe
1091 524 1210 556 vicerit,
1246 525 1273 552 in
1306 524 1362 552 hoc
1386 526 1497 563 scripto
1522 536 1558 553 se
1587 527 1685 564 ipsum
1711 526 1791 554 vicit.
1860 526 1961 563 Atque
1996 526 2063 554 ideo
2100 527 2176 555 inter

170 565 267 592 omnia
288 565 399 602 scripta
423 564 551 593 humana
575 565 675 593 iudico
701 576 773 593 esse
797 566 911 598 utilius,
937 566 991 594 hac
1012 566 1152 594 methodo
1178 566 1312 605 Philippi
1338 568 1390 601 uti,
1412 578 1478 596 cum
1502 568 1539 596 ad
1565 568 1791 605 intelligendum
1812 567 2027 605 Prophetarum
2053 572 2082 597 et
2096 569 2174 606 Apo-

169 606 314 635 stolorum
339 608 460 645 scripta,
486 611 545 636 tum
569 608 605 636 ad
630 608 748 646 plenam
772 609 984 646 perfectionem
1010 609 1162 637 doctrinae
1187 609 1310 643 sliri-sti,
1336 613 1365 638 et
1389 610 1426 638 ad
1450 615 1559 639 certam
1585 611 1827 639 ‹liiudicationem
1842 612 2111 639 controversiarum
2137 612 2175 639 de

169 650 321 687 agnitione
344 649 414 683 Dei,
440 654 470 678 et
494 650 644 679 hominum
666 651 859 680 redemtione.
907 651 1110 685 Quamobrem
1136 652 1192 680 hoc
1217 656 1362 690 perpetuo
1382 657 1495 681 statuat
1513 653 1700 691 Tbeologiae
1724 654 1883 682 studiosus
1907 664 2026 682 summa
2049 654 2174 683 assidui-

169 695 239 725 tate,
265 693 392 720 maximo
417 693 519 721 studio
540 697 569 722 et
592 693 736 731 singulari
758 695 920 723 attentione
941 694 1019 722 hunc
1038 694 1144 722 librum
1169 694 1330 733 legendum
1350 699 1380 724 et
1404 696 1533 724 subinde
1558 696 1836 734 recognoscendum
1862 703 1968 726 esse.“

374 767 403 796 N
414 769 420 796 i
431 768 568 797 colaus
589 770 611 797 S
622 770 681 798 eln
693 781 709 797 e
720 780 853 798 ccerus
872 770 1088 808 inpraefatione
1103 769 1315 800 Commentarii
1330 772 1357 799 in
1373 771 1507 800 Genesin
1527 771 1665 811 (Lipsiae
1682 775 1772 802 1569.
1787 773 1867 809 Fol.)
1884 773 1921 801 de
1936 771 2008 802 Mel.
2023 773 2115 801 Locis
2129 774 2175 802 sic

169 810 297 839 iudicat:
323 809 496 844 „prolixius
519 816 616 841 autem
631 812 740 841 referre
764 813 862 840 ‹minia
882 813 940 841 ista
960 813 1049 845 volui,
1074 817 1106 842 ut
1130 814 1241 851 quibus
1262 815 1399 843 insistam
1425 815 1576 852 vestigiis,
1603 820 1632 844 et
1656 826 1782 853 quarum
1808 816 2006 844 ecclesiarum
2022 816 2174 845 doctrinae

168 856 198 882 et
218 853 406 882 confessioni
431 855 572 883 addictus
607 856 679 886 sim.
716 855 835 893 publice
858 858 1001 890 testarer,
1037 857 1063 884 ei
1089 857 1235 890 nimirum,
1261 867 1339 895 quae.
1363 868 1399 885 ex
1423 857 1556 886 sontibus
1581 857 1672 887 Israel
1698 858 1805 887 hausta
1830 863 1860 887 et
1883 858 2102 897 comprehensa
2126 862 2175 888 est

167 895 254 929 libro,
281 897 327 924 cui
351 896 458 925 titulus
483 896 601 936 Corpus
621 898 783 931 doctrinae,
815 899 985 937 conscripto
1008 909 1034 927 a.
1060 899 1098 927 l').
1123 898 1264 938 Philippo
1286 899 1486 938 Praeceptore
1506 902 1534 930 b.
1549 911 1586 929 m.
1609 901 1646 929 de
1670 912 1729 939 quo
1753 901 1828 930 libro
1853 902 1993 930 iudicium
2018 902 2174 930 cuiusdam

167 939 221 967 viri
242 939 385 973 doctrina,
405 940 516 978 pietate
541 944 569 969 et
589 941 746 969 autoritate
766 940 944 969 exs'ellentis
969 945 999 970 et
1021 943 1118 979 magni
1139 943 1191 971 τοῦ
1213 946 1243 972 ἐν
1266 942 1361 981 ἁγίοις
1380 954 1614 972 commemorare
1633 944 1729 972 obiter
1753 945 1849 972 visum
1874 948 1936 974 est:
1956 945 2098 983 Optimus
2123 944 2175 973 ille

167 980 243 1010 liber
262 985 321 1015 est,
342 983 476 1020 scriptus
501 984 537 1011 ab
562 983 673 1021 optimo
697 984 769 1016 viro,
795 984 823 1011 id
844 984 934 1021 quod,
957 985 986 1012 si
1012 984 1083 1013 nihil
1107 984 1199 1016 aliud,
1214 989 1294 1014 certo
1315 987 1428 1014 certius
1442 990 1579 1019 testatur,
1604 987 1686 1024 quod
1709 987 1835 1024 pessimi
1860 988 1971 1025 quique
1995 987 2078 1015 illum
2104 987 2174 1015 ode-

167 1028 245 1058 runt,
265 1028 295 1053 et
318 1024 395 1053 alios
414 1025 546 1053 foetidos
566 1025 659 1054 libros
683 1026 724 1054 illi
750 1027 937 1055 substituere
960 1027 1134 1057 voluerunt:
1160 1029 1262 1066 optimi
1286 1032 1385 1057 autem
1410 1030 1522 1067 quique
1546 1028 1629 1057 illum
1655 1029 1867 1067 magnifaciunt
1887 1033 1915 1058 et
1936 1030 2119 1067 praedicant,
2145 1033 2175 1058 et

166 1066 235 1096 Deo
255 1077 307 1105 pro
328 1067 479 1096 doctrinae
503 1068 571 1096 luce
591 1072 620 1097 et
643 1069 821 1098 dexteritate
844 1070 956 1107 gratias
975 1074 1066 1109 agunt
1089 1074 1145 1100 etc.
1191 1070 1230 1100 Et
1250 1071 1324 1100 libet
1348 1072 1437 1100 etiam
1461 1072 1592 1100 adiicere
1618 1072 1675 1101 hos
1704 1072 1866 1110 aliquando
1897 1073 1925 1100 in
1949 1073 2003 1100 viri
2027 1073 2124 1111 magni
2144 1075 2175 1101 et

167 1109 296 1139 illustris
321 1120 431 1149 corpus
455 1111 607 1139 doctrinae
631 1112 760 1150 scriptos
783 1112 966 1141 versiculos:

734 1196 802 1225 Non
826 1197 932 1225 melior
949 1197 1026 1226 liber
1049 1202 1097 1227 est
1120 1198 1201 1226 ullus
1225 1201 1295 1237 post
1313 1198 1408 1227 biblia
1432 1198 1556 1233 Christi.
1598 1205 1601 1207 '

735 1238 833 1274 Quam
858 1240 907 1277 qui
928 1240 1082 1269 doctrinae
1107 1240 1289 1279 Corpusque
1309 1241 1429 1279 locique
1453 1246 1606 1271 vocantur.

734 1282 801 1310 Hoc
824 1286 931 1311 norunt
954 1293 1071 1317 omneS‚
1097 1285 1147 1322 qui
1172 1284 1348 1313 dexteritate
1373 1285 1501 1313 docendi

734 1324 945 1363 Discendique
964 1326 1053 1354 simul
1074 1337 1146 1355 vera
1170 1330 1199 1355 et
1222 1327 1334 1365 pietate
1353 1330 1529 1356 tenentur.“

374 1416 453 1451 Quin
478 1416 622 1455 deinceps
646 1418 674 1445 in
698 1417 905 1447 Melanthonis
929 1419 1120 1448 adversarios
1144 1420 1189 1448 sic
1214 1420 1377 1448 Invehitur:
1424 1420 1570 1454 „Abeant
1594 1421 1683 1458 igitur
1709 1421 1812 1458 ingrati
1844 1421 1958 1455 cuculi,
1987 1421 2174 1459 παθηκαλώ-

165 1471 254 1494 πεκες
275 1458 402 1488 Lutheri
426 1463 455 1488 et
480 1459 782 1498 Philippomastiges,
802 1461 949 1489 crabones
972 1465 1003 1490 et
1026 1461 1095 1496 suci,
1120 1462 1327 1500 tiibrice‘ntque
1350 1462 1420 1496 alia,
1450 1473 1526 1501 quae
1545 1466 1687 1501 possunt,
1711 1464 1736 1491 si
1761 1463 1849 1491 modo
1873 1467 2015 1502 possunt,
2040 1475 2173 1503 corpora,

165 1502 215 1531 vel
238 1503 339 1541 potius
364 1502 525 1536 cadavera,
545 1507 596 1532 aut
620 1504 761 1532 obiiciant
784 1502 870 1532 Cons.
895 1504 972 1542 Aug.
997 1505 1208 1543 Locorumque
1229 1515 1285 1533 non
1311 1505 1572 1544 depravationem,
1597 1506 1686 1543 (hanc
1711 1506 1789 1534 enim
1814 1506 1956 1540 obiicere,
1981 1506 2028 1534 vel
2052 1508 2078 1535 si
2099 1517 2173 1535 rum-

165 1549 289 1585 pantur,
320 1545 440 1574 minime
459 1548 603 1583 possunt)
627 1546 683 1574 sed
707 1547 956 1584 recognitionem,
992 1548 1048 1576 sed
1073 1547 1318 1582 illustrationem,
1345 1549 1403 1577 sed
1431 1548 1598 1576 uberiorem
1622 1548 1780 1576 multarum
1809 1559 1905 1577 rerum
1930 1549 2170 1587 explicationem.

164 1587 237 1617 Istis
257 1587 524 1617 calumniatoribus
548 1588 703 1617 helleboro
728 1599 806 1627 opus
831 1593 880 1618 est
896 1591 946 1619 καὶ
965 1589 1087 1631 σιδηρέα
1106 1590 1233 1630 ἀρπάγη,
1258 1601 1318 1629 qua
1341 1592 1494 1620 cerebrum
1518 1601 1607 1619 suum
1631 1591 1689 1629 ipsi
1714 1594 1863 1619 verrant.“

372 1664 412 1693 At
442 1668 550 1703 postea
568 1665 636 1704 ipse
660 1665 866 1695 Melanthonis
889 1666 1081 1695 adversarius
1110 1667 1208 1696 sactus
1234 1671 1282 1697 est
1305 1678 1474 1706 omnesque
1497 1667 1605 1697 laudes
1628 1668 1671 1697 illi
1705 1668 1833 1697 tributas
1857 1668 1884 1696 in
1910 1668 2085 1697 contrariam
2109 1677 2172 1706 par-

165 1712 225 1738 tem
249 1707 428 1746 detorquere
451 1708 574 1737 studuit.

372 1783 538 1813 Iacobus
572 1785 757 1814 Andreae
781 1787 809 1815 in
834 1787 969 1815 oratione
995 1786 1033 1814 de
1053 1787 1272 1815 instauratione
1296 1788 1387 1816 studii
1412 1787 1576 1825 theologici
1601 1789 1629 1817 in
1653 1788 1819 1816 Academia
1837 1788 2004 1825 Witeberg.
2026 1797 2051 1816 a.
2081 1789 2171 1817 1577.

167 1829 193 1858 8.
218 1827 268 1857 fol.
292 1826 319 1856 B
345 1830 362 1857 5
387 1828 424 1856 de
447 1827 541 1856 Locis
566 1828 622 1857 hoc
642 1828 698 1858 sert
716 1829 871 1858 iudicium:
896 1828 994 1862 „Phil
1020 1829 1195 1858 Melanthon
1216 1840 1338 1868 quoque
1362 1832 1460 1869 capita
1480 1831 1631 1859 doctrinae.
1655 1831 1847 1864 christianae,
1872 1841 1949 1869 quae
1967 1830 2069 1859 Locos
2095 1841 2172 1859 com-

164 1881 271 1900 munes
295 1874 413 1903 vocant,
434 1866 684 1909 consc1·ipsiF,'³ab
710 1872 777 1910 ipso
800 1871 933 1900 Luthero
958 1873 1195 1905 commendatos,
1224 1884 1275 1911 pro
1300 1874 1411 1911 quibus
1431 1874 1596 1908 laboribus,
1621 1875 1646 1902 si
1667 1874 1769 1902 nullus
1791 1874 1868 1902 alius
1892 1874 2073 1912 accepisset,
2104 1873 2172 1902 Deo

163 1913 232 1942 laus
263 1917 293 1942 et
328 1914 425 1950 ipsius
460 1915 570 1942 nomini
605 1915 754 1952 gratitudo
789 1915 914 1944 debetur
947 1917 1082 1944 maxima.
1110 1934 1147 1937 ——
1172 1934 1213 1937 -
1237 1915 1370 1950 Quartus
1397 1916 1559 1946 Prosessor
1587 1917 1774 1955 Theologiae
1798 1917 1947 1946 Locorum
1971 1917 2172 1945 communium

164 1955 296 1995 Philippi
320 1955 526 1985 Melanthonis
550 1957 801 1996 Theologicorum
822 1958 982 1987 lectionem
1007 1959 1164 1992 obtinebit,
1189 1969 1266 1996 quos
1288 1958 1325 1988 D.
1351 1959 1505 1988 Lutberus
1529 1960 1612 1993 vidit,
1633 1961 1819 1998 approbavit,
1840 1959 2088 1988 commendarit.“
2131 1961 2173 1988 At

165 1999 244 2028 idem
265 2001 292 2028 in
318 2000 450 2037 quinque
470 2001 667 2029 concionibus
687 2001 724 2029 de
748 2001 935 2029 Concordiae
955 2011 1045 2040 opere
1070 2001 1182 2030 habitis
1207 2006 1236 2030 et
1255 2012 1280 2031 a.
1309 2004 1389 2031 1550
1421 2003 1521 2035 editis,
1546 2003 1597 2031 sol.
1622 2003 1672 2031 22
1704 2013 1762 2031 non
1786 2003 1932 2032 dubitavit
1958 2002 2081 2041 publice
2105 2013 2173 2031 con-

164 2042 300 2076 tendere,
325 2052 426 2071 veram
447 2042 610 2071 doctrinam
631 2044 659 2072 in
682 2043 890 2073 Melanthonis
915 2042 1049 2083 Corpore
1069 2044 1221 2073 doctrinae
1241 2055 1313 2073 esse
1338 2045 1539 2084 depravatam.

373 2137 414 2165 At
443 2137 672 2165 inconstantiam
704 2140 795 2175 atque
824 2137 983 2165 vanitatem
1008 2138 1131 2167 istorum
1151 2138 1358 2177 theologorum
1384 2140 1616 2177 sociorumque,
1653 2141 1718 2178 qui,
1754 2150 1831 2178 quae
1858 2143 1946 2168 antea
1967 2139 2172 2173 laudaverant,

166 2182 277 2217 postea
300 2179 568 2217 reprehendebant,
593 2183 732 2218 spectant
752 2180 842 2208 rerba
861 2178 1004 2208 Christ.
1026 2180 1186 2214 Pezelii,
1211 2192 1289 2219 quae
1310 2183 1337 2210 in
1363 2182 1492 2220 epistola
1512 2183 1696 2211 dedicatoria
1719 2193 1810 2221 supra
1833 2183 1953 2211 laudata
1976 2183 2026 2212 fol.
2047 2183 2065 2210 b
2092 2185 2103 2211 1
2131 2182 2173 2210 le-

167 2225 292 2260 guntur:
318 2220 416 2255 „lilud
440 2223 519 2260 quod
544 2233 640 2261 saepe
660 2233 774 2251 mecum
800 2223 931 2260 cogitare
955 2223 1058 2257 soleo,
1079 2228 1109 2253 et
1133 2225 1211 2262 quod
1233 2235 1338 2253 (mines
1364 2225 1567 2263 intelligentes
1593 2226 1700 2254 eodem
1725 2226 1813 2254 modo
1837 2226 1967 2254 iudicare
1988 2235 2104 2254 mecum
2125 2236 2173 2254 ex-

168 2265 280 2297 istium,
301 2265 370 2302 quia
389 2265 416 2293 in
437 2265 513 2293 hanc
537 2265 575 2293 de
598 2266 654 2294 loc.
681 2265 772 2294 theol.
797 2265 928 2304 Philippi
949 2269 1259 2296 commemorationem
1285 2269 1442 2305 ingressus
1466 2279 1551 2299 sum,
1588 2279 1644 2297 non
1665 2279 1790 2307 possum
1817 2279 1873 2297 non
1898 2269 2028 2298 breviter
2051 2268 2109 2297 hoc
2131 2268 2172 2297 lo-

168 2317 203 2335 co
230 2307 384 2345 attingere.
442 2308 476 2336 Si
508 2309 589 2336 serio
625 2310 686 2342 isti,
722 2310 772 2347 qui
797 2319 874 2337 nunc
909 2309 936 2336 in
968 2309 1103 2347 plurimis
1135 2309 1313 2339 Germaniae
1338 2311 1413 2339 locis
1438 2312 1599 2339 doctrinam
1625 2312 1692 2340 eius
1712 2311 1777 2340 libri
1802 2312 2000 2345 insectantur,
2036 2312 2082 2339 sic.
2105 2321 2173 2339 sen-

168 2353 273 2378 serunt
291 2353 389 2383 antea,
413 2354 445 2379 ut
469 2351 631 2380 doctrinam
656 2356 821 2380 nostrarum
843 2351 1048 2380 Ecclesiarum
1074 2354 1210 2386 sincere,
1235 2354 1354 2387 dextre,
1376 2354 1518 2387 fideliter,
1543 2355 1570 2382 in
1596 2354 1652 2383 loc..
1679 2354 1772 2383 theol.
1788 2353 1918 2392 Philippi
1944 2355 2060 2382 recitari
2081 2357 2173 2391 atque

169 2392 310 2431 explicari
336 2393 510 2427 iudicarent,
536 2404 587 2422 cur
607 2398 652 2427 tot
675 2395 876 2423 anathematis
901 2404 965 2422 eam
992 2406 1068 2424 nunc
1092 2396 1127 2424 ad
1149 2396 1258 2433 vulgus
1283 2398 1525 2435 persetpmntur‘?
1587 2397 1641 2425 Sin
1666 2408 1752 2430 vero,
1783 2397 1862 2434 quod
1887 2398 2049 2435 probarunt
2072 2401 2172 2430 antea,

168 2445 246 2464 nunc
276 2436 502 2474 improbandum
526 2441 647 2475 putant,
683 2439 809 2476 ipsosne
836 2437 986 2466 fatendum
1012 2442 1070 2470 est,
1090 2449 1124 2466 an
1150 2438 1282 2477 Philippi
1306 2440 1418 2477 scripta
1440 2440 1621 2468 sententiani
1645 2441 1673 2468 in
1698 2439 1833 2468 articulis
1858 2439 2036 2477 quibusdam
2058 2444 2174 2468 contro-

167 2479 266 2507 versis
291 2482 439 2513 mutasse,
460 2483 490 2508 et
509 2481 664 2509 invexisse
687 2490 784 2519 genus
805 2481 956 2509 doctrinae
980 2492 1098 2514 novum,
1124 2481 1252 2510 alienum
1274 2492 1291 2510 a
1311 2483 1410 2510 nativa
1430 2483 1507 2520 Aug.
1529 2482 1616 2511 Cous.
1641 2483 1800 2513 sententia,
1825 2493 1913 2521 quam
1935 2486 2172 2511 consentaneum

169 2521 290 2550 scilicet
313 2526 362 2551 est
385 2522 501 2551 authori
536 2522 618 2551 illius
642 2534 699 2552 non
723 2524 800 2553 satis
826 2528 922 2552 notam
948 2524 1057 2554 fuisse,
1081 2528 1130 2552 aut
1156 2525 1182 2552 si
1207 2525 1278 2563 quid
1303 2526 1419 2554 inesset
1445 2526 1582 2559 obscuri,
1619 2525 1696 2554 falso
1715 2525 1835 2555 scilicet
1858 2526 1994 2554 iudicarit
2013 2525 2082 2559 ille,
2114 2535 2173 2554 non

170 2568 282 2601 contra,
306 2565 364 2593 sed
387 2565 554 2594 secundum
575 2566 607 2595 S.
631 2566 805 2605 Scripturae
829 2577 960 2595 normam
985 2566 1210 2605 intelligendum
1235 2572 1326 2606 atque
1350 2568 1601 2606 interpretandum
1626 2575 1732 2597 esse.“
