2325 2942
219 86 283 148 145
410 135 414 138 -
598 112 622 144 Ι.
651 111 755 144 LOCI
779 110 1060 144 THEOLOGICI:
1084 110 1201 143 LIBRI
1223 111 1284 143 AD
1307 110 1395 142 HOC
1420 111 1533 144 OPUS
1557 112 1850 146 SPECTANI'ES.
2166 116 2227 147 746

219 209 315 240 turbis
340 212 371 238 et
392 208 577 238 voluntatum
597 207 800 241 distractione,
821 218 868 237 me
891 207 979 246 quasi
1000 207 1074 235 intra
1091 206 1224 245 privatos
1243 207 1372 245 parietes
1397 208 1600 242 continuerim,
1625 218 1660 237 ac
1683 218 1747 238 raro
1768 209 1857 238 etiam
1880 207 1929 238 vel
1954 210 2067 239 amicos
2089 214 2118 239 et
2134 216 2223 241 notos

219 254 331 292 scripto
351 252 452 291 aliquo
477 250 696 291 compessarim,
720 261 778 279 non
802 249 939 281 Timonis
963 249 1161 279 Atheniensis
1185 250 1236 279 τοῦ
1262 250 1482 291 μισαιθριόπυυ
1505 252 1680 285 imitatione,
1716 251 1772 280 sed
1801 252 2044 282 consideratione
2068 254 2223 283 tenuitatis

218 306 313 330 meae,
339 299 369 325 et
392 299 425 324 ut
447 295 548 333 iniqua
572 294 756 333 quorundam
776 293 887 322 iudicia
909 293 1082 327 devitarem,
1106 302 1220 322 memor
1242 292 1324 321 illius
1349 293 1504 324 ovidiani:
1530 292 1629 323 Crede.
1648 294 1730 328 mihi.
1754 295 1832 324 bene
1857 296 1907 334 qui
1931 295 2027 329 latuit.
2048 296 2126 325 bene
2152 298 2224 326 vixit

218 343 274 369 otc.
321 337 353 367 ln
378 337 457 367 hunc
479 337 616 366 libellum
640 337 698 367 hoc
721 337 810 366 modo
835 337 948 366 editum
972 346 1039 366 cum
1069 346 1107 365 ex
1137 336 1289 374 inopinato
1315 336 1491 365 incidissem
1516 338 1565 366 24.
1598 337 1647 366 die
1669 337 1871 369 Novembris,
1907 338 2171 377 deprehendebam
2196 342 2225 369 in

218 392 255 412 eo
281 392 340 411 non
363 391 461 420 pauca
484 385 581 410 errata
605 379 847 420 Typographica,
872 390 907 409 ac
927 380 955 408 in
980 379 1105 408 Scholis
1128 379 1221 408 multa
1244 389 1262 408 a
1285 390 1332 408 me
1356 379 1465 408 exilius
1490 381 1666 418 consignata
1690 391 1763 410 esse
1786 381 1936 417 videbam,
1961 392 2048 420 quam
2073 388 2104 412 ut
2127 393 2224 422 aequo

217 426 307 455 etiam
330 424 435 454 lectori
458 424 636 453 satisfacere
660 424 790 463 possint.
838 422 939 458 Quare
971 433 1049 451 nunc
1071 422 1192 452 tandem
1215 422 1352 451 libellum
1376 424 1535 460 recognovi
1565 423 1648 452 horis
1672 425 1835 452 succisivis
1860 426 1948 453 unius
1973 427 2088 454 mensis
2115 427 2225 465 spatio,

218 468 313 498 fretus
338 468 417 496 bona
440 468 636 501 conscientia,
656 477 704 496 me
729 466 801 496 nihil
826 466 907 495 aliud
933 466 1129 504 quaesivisse
1151 468 1204 494 aut
1223 476 1366 504 quaerere
1391 475 1479 504 quam
1502 471 1534 499 ut
1557 466 1664 504 puerili
1688 468 1779 495 aetati
1803 468 1881 496 viam
1905 467 2007 506 aliquo
2032 469 2121 497 modo
2145 480 2226 498 mon-

217 515 345 541 strarem
369 514 483 540 attente.
508 510 629 549 legendi
653 513 742 548 atque
765 508 926 538 evolvendi
950 509 1179 538 saluberrinmm
1203 519 1280 548 opus
1310 508 1443 537 locorum
1467 508 1718 547 Theologicorum
1742 508 1889 548 Philippi,
1921 510 2003 549 quod
2034 511 2154 540 divinus
2184 514 2227 540 vir

217 553 373 584 Lutherus
397 555 524 593 saepius
549 553 695 593 probarit,
719 556 748 581 et
772 552 898 581 candida
921 553 1085 590 posteritas
1109 556 1253 591 perpetuo
1278 553 1436 591 probatura
1460 556 1539 581 est.*‘
1584 551 1630 580 Ex
1654 552 1702 581 his
1727 552 1919 590 intelligitur,
1945 552 2002 587 ‚.P.
2028 552 2133 583 Crellii
2158 554 2226 593 Epi-

216 601 317 627 tomen
341 607 366 627 a.
395 599 510 627 1561.“
533 607 551 625 a
574 595 727 625 Strobelio
752 595 873 624 allatam
896 594 1007 624 nullam
1030 595 1119 624 aliam
1143 605 1216 624 esse
1240 605 1329 634 quam
1352 596 1477 634 primam
1495 594 1654 634 Epitomes
1671 595 1788 634 21a3-eri
1809 596 1991 630 Editionem.
2017 606 2105 635 quam
2130 598 2226 626 luscio

217 644 339 670 auctore
363 639 475 669 edidit:
499 643 656 679 praeterea
679 639 769 667 etiam
794 639 985 677 cognoscitur
1011 648 1113 672 causa,
1139 649 1190 668 cur
1213 639 1302 668 huius
1325 638 1486 677 Epitomes
1508 637 1566 667 Ed.
1591 639 1658 667 anni
1686 639 1776 668 1562.
1802 639 1829 667 in
1853 638 1941 667 titulo
1964 649 2028 670 non
2043 640 2099 671 Ed.
2124 642 2228 672 altera

217 684 259 713 sit
280 687 460 722 nuncupata,
485 683 596 722 quippe
620 692 698 720 quae
722 682 821 720 ipsius
846 682 978 711 auctoris
1003 682 1096 720 prima
1119 686 1175 711 est.

423 780 452 806 4.
476 775 816 817 Mcolafflllemmmqic·
836 777 1045 807 Eucln'rtdion
1068 777 1274 815 theoloyc'cum
1291 780 1470 816 praecipua
1492 785 1592 807 uerae
1614 777 1780 815 religionis
1801 778 1908 816 capitu
1931 777 2072 807 breuiter
2096 782 2128 808 et
2155 780 2229 808 slm-

461 821 593 860 plicieer
614 821 774 859 equicola
796 822 971 850 continens.
1016 821 1147 859 Lipsiae
1174 821 1262 849 1568.
1288 821 1323 848 3]
1351 818 1451 858 plagg.
1478 824 1506 849 ὅ,

422 886 522 916 Huius
545 887 613 917 libri
636 891 748 921 auctor,
772 886 937 917 Professor
959 888 1089 925 insignis
1114 888 1300 917 Academiae
1323 888 1512 921 Hafniensis,
1537 888 1565 916 in
1589 887 1721 927 epistola
1744 887 1929 917 dedicatoria
1960 888 1998 916 ad
2022 886 2227 918 Christianum

215 929 264 960 Ill.
288 929 407 970 Regem
431 929 558 964 Daniae,
583 931 622 962 de
646 930 704 959 hoc
727 941 818 970 opere
842 930 918 960 haec.
941 931 1061 960 scribit:
1087 930 1276 970 „Praecipua
1305 931 1488 960 christianae
1516 930 1672 969 religionis
1702 931 1800 970 capita
1829 941 1896 959 cum
1921 931 2157 961 definitionibus.
2184 932 2228 960 di-

215 973 388 1003 visionibus
412 976 442 1003 et
465 974 626 1003 axiomatis
646 975 712 1003 sive
736 975 898 1003 sententiis
924 974 1104 1012 quibusdam
1123 973 1234 1013 collegi
1257 984 1292 1003 ac
1316 975 1462 1004 iuventuti
1486 975 1650 1013 proposui,
1670 984 1729 1012 quo
1754 973 1802 1003 his
1827 975 1973 1003 instructa
1997 975 2137 1003 iuventus
2163 986 2228 1004 cum

214 1017 319 1046 maiori
344 1016 441 1046 fructu
464 1016 607 1046 absoluta
630 1017 874 1046 doctissimorum
898 1017 1052 1046 hominum
1075 1018 1169 1046 nostri
1194 1017 1291 1046 seculi
1315 1018 1427 1056 scripta
1450 1028 1485 1046 ac
1508 1018 1702 1056 potissimum
1722 1016 1882 1046 clarissimi
1902 1018 1956 1046 viri
1977 1019 2035 1046 mei
2055 1023 2226 1057 praecepto-

214 1060 256 1089 ris
279 1059 337 1089 Ph.
353 1059 649 1089 Melanchthonis—
667 1060 809 1090 —locos
832 1059 924 1089 theol.
943 1060 1034 1099 legat,
1059 1070 1096 1089 ex
1119 1061 1230 1099 quibus
1254 1061 1351 1099 (quod
1374 1062 1503 1099 ingenue
1526 1060 1634 1097 fateor)
1657 1060 1811 1099 pleraque,
1837 1070 1915 1099 quae
1939 1061 1966 1089 in
1991 1060 2070 1090 hunc
2094 1061 2228 1090 libellum

215 1104 370 1142 congessi,
395 1103 569 1142 deprompta
592 1106 699 1133 suntf‘.
721 1122 760 1125 —
784 1102 972 1132 Reimannus
996 1104 1025 1132 in
1050 1102 1146 1133 Catal.
1171 1103 1251 1132 Bibl.
1275 1103 1368 1133 theol.
1400 1114 1429 1143 p.
1455 1105 1526 1133 462.
1552 1104 1590 1133 de
1614 1104 1672 1132 hoc
1695 1114 1785 1142 opere
1810 1105 1856 1132 sic
1880 1103 2041 1133 iudicavit:
2074 1104 2129 1138 „E
2159 1104 2227 1134 Phi-

214 1145 290 1185 lippi
313 1145 560 1176 Melanchthonis
591 1146 746 1186 Operibus
772 1147 900 1175 maxime
934 1147 1158 1181 concinnatum,
1194 1147 1281 1176 cuius
1312 1147 1428 1176 Auctor
1456 1157 1509 1186 per
1538 1148 1685 1185 integrum
1709 1148 1947 1186 quinquennium
1972 1147 2027 1176 suit
2050 1147 2229 1187 discipulus.

215 1188 428 1219 Orthodoxum
452 1190 553 1224 etiam,
577 1193 608 1219 et
629 1189 758 1219 maculis
782 1188 1089 1229 Crypto-Calvinismi
1113 1200 1171 1218 non
1196 1200 1380 1229 respersum,
1406 1191 1519 1228 quibus
1543 1200 1579 1219 se
1602 1194 1711 1229 postea
1736 1191 1776 1219 ita
1799 1189 1908 1229 polluit
1932 1194 1961 1220 et
1985 1190 2155 1220 infamavit.
2186 1196 2227 1226 ut,

215 1242 294 1271 quae
320 1234 410 1262 1574.
435 1233 463 1262 in
488 1233 687 1272 Syntagmate
705 1232 837 1262 Institut.
862 1231 977 1262 Christ.
1003 1233 1041 1262 de
1065 1232 1098 1261 S.
1117 1243 1212 1262 coena
1234 1234 1409 1272 scripserat,
1433 1234 1472 1262 A.
1489 1235 1580 1263 1576.
1604 1233 1725 1272 publica
1749 1233 1902 1272 palinodia
1925 1238 2080 1263 recantare
2103 1239 2227 1264 coactus

216 1275 313 1310 suerit,
339 1285 428 1314 quam
460 1275 583 1306 exhibet
611 1274 702 1306 Cenr.
735 1275 1027 1314 Schliisselburgius
1048 1276 1076 1304 in
1100 1275 1207 1305 Theol.
1238 1275 1356 1305 Calvin.
1385 1275 1406 1307 l.
1432 1278 1458 1305 2.
1483 1277 1577 1306 Artic.
1603 1279 1631 1307 9.
1656 1287 1685 1316 p.
1713 1278 1761 1306 To.
1792 1276 1961 1315 legendam.
2007 1277 2064 1306 Vir
2094 1277 2226 1316 alioquin

216 1318 415 1349 doctissimus
439 1323 470 1349 ot
493 1320 660 1349 communis
685 1318 801 1348 Daniae
824 1317 1047 1357 Praeceptor.“

422 1413 564 1453 Denique
588 1423 720 1443 memoro
744 1412 852 1442 librum
875 1412 914 1441 ad
936 1411 1143 1442 Melanthonis
1167 1411 1269 1442 Locos
1293 1413 1468 1443 refutandos
1492 1414 1652 1452 scriptum:

420 1500 584 1539 Refctate'o
603 1499 608 1539 Ι
628 1500 784 1530 Locorum
796 1500 1008 1529 communium
1028 1498 1032 1538 Ι
1055 1498 1317 1537 Theoloffl'eorrm,
1331 1499 1404 1530 ΡΙιὶ-
1425 1498 1429 1539 Ι
1448 1499 1800 1539 Ιφ])ι”,1[εῖιιηε]ιί1)οηὶ.ς,
1817 1500 2026 1539 Gernzmzej,.ll.
2043 1501 2101 1531 Lu·
2122 1503 2125 1539 Ι
2147 1502 2230 1532 (lteri

464 1543 615 1583 discipuli
630 1544 797 1582 primare'j,
820 1542 967 1572 dedicata
989 1543 1114 1572 Princi-
1134 1540 1138 1581 Ι
1154 1550 1233 1581 pum
1255 1543 1480 1581 illustrissimo,
1504 1552 1543 1573 ac
1560 1544 1804 1573 catholicas-simo
1831 1543 1905 1573 Plu·-
1927 1544 1930 1583 Ι
1952 1545 2047 1583 lippo,
2071 1545 2153 1582 Regu·
2174 1546 2229 1575 Ηί-

463 1588 662 1626 spaniarum,
684 1589 741 1616 etc.
763 1585 766 1625 Ι
787 1585 915 1623 ,mcor-e,
937 1585 1078 1616 Bicctrclo
1101 1584 1283 1624 Smylluzeo,
1307 1585 1415 1624 Anylo,
1438 1586 1581 1616 eiusdem
1602 1585 1604 1625 Ι
1626 1587 1789 1625 Principis
1817 1588 1997 1625 sacellano,
2031 1596 2070 1617 ac
2104 1588 2228 1619 Theolo-

460 1631 545 1668 ye'ae,
568 1631 602 1659 m
626 1630 712 1659 illius
732 1628 735 1668 Ι
755 1628 949 1659 Aelmdemia
972 1629 1370 1667 Duacensi,Praeleetore.
1391 1628 1394 1668 Ι
1416 1626 1552 1667 (Insigne
1576 1633 1693 1667 typogr.
1719 1629 1846 1657 cinctum
1871 1629 1990 1658 verbis:
2016 1630 2152 1661 Scmmis
2175 1640 2228 1661 ne-

461 1675 569 1711 vatem
581 1675 671 1702 stare
693 1672 770 1707 (lie.)
789 1672 877 1700 1503.
899 1670 903 1712 Ι
922 1672 1030 1702 Βιάοἱ.
1051 1670 1055 1711 Ι
1079 1672 1177 1710 Typae‘s
1199 1672 1306 1702 Iacobi
1327 1670 1497 1711 Boscarcli,
1524 1672 1728 1712 Culpam-astla
1749 1675 1857 1704 iurati.
1880 1673 1882 1711 Ι
1907 1673 1986 1704 Cam
2005 1682 2079 1711 gyra.
2105 1678 2137 1704 et
2158 1675 2228 1704 Pri-

463 1716 536 1745 uz'le.
572 1713 694 1753 Regiae
721 1714 908 1745 Maiestatis.
933 1731 973 1735 —
996 1712 1043 1751 (ln
1079 1714 1164 1749 (inm)
1188 1715 1299 1753 Duaci,
1327 1715 1425 1754 Tyln's
1446 1715 1552 1746 Iacobc'
1574 1716 1778 1746 Bosselmert.
1826 1715 1904 1756 15¹.AE
1931 1715 2031 1754 plagg.
2055 1715 2111 1746 litt.
2125 1717 2228 1752 A-Q

464 1756 508 1796 (Q
538 1756 570 1798 ½
592 1756 687 1796 plag.)
722 1757 812 1795 sign„
846 1757 940 1795 prima
977 1759 1012 1786 11
1049 1755 1113 1786 soll.
1149 1767 1207 1785 non
1242 1767 1334 1791 num„
1373 1758 1429 1786 112
1455 1757 1515 1786 soll.
1539 1768 1627 1792 num.‚
1662 1758 1715 1788 ult.
1745 1757 1795 1787 l'ol.
1820 1768 1878 1787 non
1903 1769 1992 1792 imm„
2019 1764 2047 1788 δ.
2072 1760 2139 1788 min.
2163 1759 2227 1797 (sol.

465 1801 494 1830 A
516 1801 547 1829 1b
570 1799 723 1837 Privilegii
748 1800 923 1834 Sententia3
948 1799 999 1830 fol.
1023 1800 1053 1829 A
1077 1801 1110 1829 2³
1132 1799 1258 1839 Septem
1281 1799 1341 1829 loci
1365 1804 1479 1839 patrum
1510 1801 1643 1837 eccles.;
1667 1800 1717 1830 sol.
1742 1801 1770 1830 A
1796 1802 1827 1830 2¹³
1852 1820 1891 1823 ὡ
1923 1805 1954 1831 7³
1978 1801 2044 1831 Ric.
2070 1802 2228 1842 Smytllaei

464 1843 595 1883 epistola
617 1843 747 1872 dedicat.
760 1842 797 1872 ad
822 1842 996 1882 Philippum
1019 1843 1233 1882 Hispaniarum
1257 1843 1376 1881 Regem
1398 1843 1469 1873 data
1490 1844 1588 1874 Duaci
1617 1846 1707 1873 1563.
1732 1855 1769 1876 m.
1794 1844 1907 1883 Aprili:
1933 1844 1984 1874 sol.
2008 1847 2036 1874 A
2058 1846 2176 1875 71¹—B
2192 1847 2229 1875 3⁵

464 1886 623 1926 Smythaei
647 1887 736 1925 epist.
766 1886 804 1915 ad
835 1886 980 1916 lectorem
1011 1896 1038 1915 a.
1067 1888 1156 1915 1563.
1187 1886 1255 1917 eod.
1280 1897 1387 1916 mense
1413 1888 1542 1926 [utrique
1567 1887 1717 1927 epistolae
1740 1889 1950 1917 annotationes
1971 1889 1999 1917 in
2024 1890 2156 1927 margine
2180 1889 2228 1918 ad-

464 1931 596 1969 scriptae
619 1932 723 1967 sunt‘13
746 1929 798 1959 sol.
826 1932 857 1958 1²
879 1947 919 1952 -
958 1930 1032 1958 112³
1054 1929 1120 1968 [sol.
1145 1929 1171 1958 B
1192 1932 1225 1958 4³
1247 1948 1287 1953 —
1324 1929 1352 1965 Q
1379 1932 1426 1969 3³]
1452 1930 1626 1960 confutatio
1651 1931 1835 1970 quorundam
1858 1930 2016 1963 Errmum.
2053 1942 2088 1961 ac
2116 1932 2227 1961 Haere-

464 1974 554 2008 sium,
573 1972 640 2002 libri
665 1972 744 2002 Phil.
769 1972 1026 2007 Melanehthonis,
1051 1974 1098 2001 cni
1123 1972 1228 2001 titulus
1253 1977 1310 2007 est,
1335 1973 1410 2002 Loci
1434 1984 1610 2003 communes
1634 1974 1828 2012 Theologici,
1854 1975 1969 2004 Autore
1993 1974 2124 2005 Ricardo
2145 1974 2227 2007 διηγ-

463 2016 566 2051 thaeo,
590 2016 701 2055 Anglo,
724 2016 944 2055 wigorniensi,
968 2015 1066 2045 Duaci
1089 2016 1183 2055 primo
1207 2015 1394 2055 Theologiae
1414 2017 1598 2056 professore,
1623 2028 1689 2047 cum
1720 2017 1879 2057 permultis
1908 2022 2050 2048 annotatt.
2083 2009 2227 2055 margini:

465 2059 514 2088 sol.
539 2059 568 2095 Q
593 2060 626 2088 3b
649 2078 691 2082 ——
727 2061 760 2088 4³
804 2058 898 2088 lndex
931 2069 1029 2088 rerum
1062 2060 1297 2098 praecipuarum.
1334 2070 1411 2099 quae
1446 2061 1474 2089 in
1510 2060 1567 2090 hoc
1601 2060 1676 2090 libro
1704 2061 1906 2098 disseruntur3
1932 2061 1981 2091 l'ol.
2008 2061 2035 2097 Q
2056 2063 2089 2090 4²²
2113 2061 2226 2092 Errata.

465 2102 626 2133 subiuncta
649 2100 861 2141 Clausrrlzi).⁹⁶)

420 2196 479 2227 lam
505 2198 533 2226 in
556 2196 630 2227 Vol.
650 2196 732 2227 XXI.
758 2207 787 2236 p.
815 2200 827 2226 1
855 2207 903 2235 sq.
928 2196 999 2231 dixi.
1024 2199 1168 2235 vergente
1192 2196 1300 2226 ceculo
1322 2196 1407 2228 xvi.
1464 2197 1624 2227 For-mulae
1647 2196 1836 2227 Concordiae
1859 2202 2000 2227 auctore·
2025 2208 2058 2228 ac
2083 2203 2224 2238 patronos

213 2250 301 2280 quam
320 2241 450 2270 maxime
474 2241 645 2276 studuisse,
670 2244 702 2270 ut
725 2240 782 2269 hoc
805 2239 1014 2269 Melanthonis
1039 2250 1117 2279 opus
1143 2240 1293 2275 eximium,
1318 2240 1398 2279 quod
1422 2242 1450 2270 in
1474 2241 1523 2270 his
1548 2242 1667 2270 duobus
1692 2241 1908 2270 voluminibus
1933 2241 2026 2271 latine
2059 2246 2088 2271 et
2112 2252 2224 2281 germa-

214 2285 280 2313 nice
304 2284 404 2314 denuo
429 2284 520 2318 edidi,
545 2285 774 2323 supprimerent.
821 2282 851 2312 ln
875 2294 935 2322 qno
959 2283 1088 2312 consilio
1111 2284 1308 2321 assequendo
1327 2283 1414 2313 valde
1431 2285 1523 2314 adiuti
1543 2289 1613 2313 sunt
1636 2294 1653 2313 a
1677 2284 1727 2313 Le
1737 2296 1778 2313 on
1788 2284 1874 2313 hard
1885 2296 1901 2313 o
1927 2285 1951 2313 ll
1964 2289 2044 2313 nite
2054 2295 2102 2314 ro.
2127 2285 2224 2314 Theo-

211 2327 312 2367 logiae
334 2326 517 2357 Professor-e
542 2327 792 2365 NVittebergensi,
817 2327 879 2365 qui,
904 2330 1021 2365 praeter
1044 2326 1156 2356 multos
1180 2326 1258 2355 alios
1282 2327 1376 2356 libros
1390 2329 1451 2365 mgj.
1477 2329 1564 2357 etiam
1589 2329 1674 2356 iussu
1698 2327 1860 2356 Christiani
1886 2327 1920 2356 ll.
1943 2327 2091 2366 Principis
2105 2328 2225 2357 Electo.

212 2372 256 2401 ris
277 2370 403 2406 saxon„
426 2372 601 2411 praesertim
622 2381 659 2400 ex
682 2370 757 2400 libro
782 2368 981 2405 Concordiae,
1007 2380 1066 2409 qua
1089 2370 1220 2409 quisque
1244 2371 1272 2399 in
1297 2370 1434 2400 docendo
1460 2371 1621 2400 obstrictus
1645 2375 1718 2404 erat,
1743 2371 1872 2400 confecit
1897 2371 1992 2400 hosce
2018 2371 2095 2400 dnos
2109 2370 2223 2401 libros:

328 2533 352 2567 ⁸)
372 2535 443 2560 Hunc
461 2534 554 2560 librum
574 2540 606 2560 ex
626 2534 740 2560 8111110111ι
762 2534 845 2559 ducali
866 2533 1022 2564 Guelferbyt.
1042 2534 1067 2559 in
1085 2534 1204 2560 manibus
1223 2534 1314 2560 liabeo.

319 2585 359 2617 ”)
379 2587 476 2613 liutteri
495 2587 553 2612 libri
571 2589 756 2612 enumerantur
775 2592 789 2611 a
809 2586 899 2611 Christ.
921 2586 996 2612 Gotti.
1016 2585 1136 2611 Ioerhcro
1154 2586 1180 2611 in
1199 2586 1215 2610 1.
1237 2584 1340 2618 Qui-jein.
1362 2584 1619 2616 caelebrari->Leucon
1638 2586 1663 2611 P.
1684 2586 1710 2611 11.
1730 2585 1820 2618 tecm.
1846 2587 1916 2611 1750.
1938 2586 1974 2612 1.)
1995 2593 2018 2616 p.
2044 2587 2107 2612 1790
2127 2594 2164 2618 sq.
