2325 2942
126 132 185 163 751
752 129 860 162 PHIL.
884 128 989 161 MEL.
1013 128 1201 161 SCRIPTA
1222 127 1502 161 DOGMATICA.
2067 129 2131 162 752

371 226 463 255 Locis
497 229 658 255 tractantur
686 235 721 253 ac
754 224 954 264 explicantur:
989 223 1040 254 sol.
1076 223 1177 253 Vuuu'
1200 224 1232 252 4²³
1258 241 1295 245 ——
1316 221 1415 252 ccccc
1441 224 1473 253 5b
1496 222 1589 252 Index
1619 222 1654 252 Il.
1692 224 1742 262 qui
1773 226 1821 252 est
1844 222 1999 253 Dictorui..
2019 223 2130 254 Sacrae

372 267 556 307 Scriptume,
593 279 672 308 quae
700 268 728 297 in
755 268 812 297 hoc
841 277 932 307 opere
956 266 1143 305 Theologico
1177 266 1359 304 allegantum
1395 265 1446 294 sol.
1467 264 1566 295 Ccccc
1591 268 1623 296 6Β
1645 285 1685 288 -
1703 266 1781 295 Fsssf
1800 268 1832 295 4³
1855 264 1947 297 Index
1965 267 2076 297 Rerum
2102 272 2131 298 et

372 310 597 341 Vocabulorum
622 311 859 341 memorabilium
878 310 1104 350 alphabeticus:
1128 309 1182 338 ult.
1206 320 1274 348 pag.
1299 312 1410 348 vacat).
1424 309 1455 346 '‘)

328 397 396 426 Hoc
420 407 498 436 opus
523 407 663 426 recusum
687 402 736 427 est
760 407 838 436 quae
860 398 1073 436 Francofurte'
1093 397 1138 426 ml
1157 397 1303 427 Moenum
1330 396 1406 424 1661
1431 394 1496 423 Fol.

326 491 480 520 Numerus
503 491 653 521 Locorum
687 492 724 521 ab
755 491 920 521 Huttero
943 492 971 520 in
1002 491 1059 519 hoc
1082 490 1185 518 maiori
1216 499 1308 528 opere
1326 489 1584 529 pertractatorium
1609 489 1646 518 ab
1670 488 1722 518 illo
1747 487 1926 528 Compendii
1951 488 2056 519 differt.
2101 489 2132 519 ln

125 534 176 563 illo
201 535 281 563 enim
307 535 495 563 continentur
519 534 547 563 hi
576 536 615 564 34
640 535 728 564 Loci:
753 533 774 565 1.
820 534 867 563 De
887 535 1041 573 Scriptura
1061 532 1153 561 Sacra
1178 532 1277 571 deque
1302 542 1403 561 norma
1428 542 1463 561 ac
1487 533 1576 562 iudce
1603 532 1874 561 controversiarum
1897 531 2133 562 Ecclesiastica-

122 588 194 607 rum.
254 576 288 606 II.
320 577 368 607 De
402 577 471 607 Deo
505 576 574 606 Uno
603 582 634 607 et
668 577 767 608 Trino.
840 577 886 607 III.
910 576 958 605 De
986 576 1105 605 duabus
1129 576 1243 605 naturis
1268 575 1491 613 earundemque
1514 575 1715 614 Hypostatica
1739 575 1859 604 Unione
1878 576 1907 604 in
1927 586 1985 605 una
2005 585 2135 614 persona

122 619 236 650 Christi
272 621 452 650 Servatoris.
520 620 573 650 IV.
604 620 652 650 De
687 620 857 651 Creatione.
924 619 963 648 V.
988 619 1036 648 De
1064 618 1192 657 Angelis
1221 619 1309 648 bonis
1333 622 1363 648 et
1385 618 1483 648 malis.
1550 618 1605 649 Vl.
1629 618 1680 649 De
1703 618 1836 657 Imagine
1860 618 1920 648 Dei
1943 620 1972 648 in
1996 618 2133 650 Homine.

121 663 188 693 VII.
214 663 261 693 De
281 668 402 693 aeterna
424 663 482 693 Dei
507 664 702 703 providentia.
759 663 840 693 VIII.
866 663 914 692 De
932 666 1058 701 peccato
1083 662 1111 690 in
1135 671 1246 700 genere
1270 665 1301 691 et
1324 662 1351 690 in
1375 662 1490 701 specie.
1546 661 1598 691 IX.
1621 661 1670 691 De
1693 661 1805 691 Liliero
1829 661 1970 692 Arbitrio.
2023 661 2062 691 X.
2085 662 2136 696 ns.

121 706 216 745 Lege.
261 706 313 736 XI.
339 707 387 736 De
406 706 583 746 Evangelio,
639 707 708 736 XII.
732 707 780 736 De
805 706 1021 735 Iustilicatione
1044 705 1184 734 Hominis
1209 705 1379 743 peccatoris
1399 715 1497 734 coram
1519 704 1597 734 Deo.
1641 703 1720 734 XIII.
1743 704 1792 734 De
1814 706 1947 734 Aeterna
1970 705 2136 744 praedesti-

123 751 242 779 natione.
266 752 334 779 sive
357 750 517 780 Electione
540 750 682 779 Filiorum
707 750 764 779 Dei
789 750 825 778 ad
850 749 988 778 salutem.
1054 747 1139 777 XIV.
1164 747 1212 777 De
1231 748 1328 776 Bonis
1352 748 1504 787 operibus.
1571 747 1642 777 XV.
1665 747 1714 777 De
1739 747 1933 777 Poenitentia
1956 752 1987 778 et
2006 747 2134 778 Confes-

121 794 217 822 sione.
263 792 349 823 XVI.
373 793 421 822 De
445 794 615 823 Minister-io
640 798 670 823 et
693 793 807 821 Ordine
830 792 1063 821 Ecclesiastico.
1118 789 1214 820 XVll.
1238 790 1286 820 De
1309 790 1460 820 Ecclesia.
1514 789 1627 820 XVIII.
1652 790 1700 820 De
1718 790 1875 821 Libertate
1899 789 2082 826 Christiana,
2106 795 2137 821 et

121 837 229 866 ritibus
248 836 492 867 Ecclesiasticis.
519 837 585 865 sive
604 836 795 875 Adiaplioris.
841 834 924 865 XIX.
950 835 999 864 De
1023 834 1228 864 Sacrameutis
1254 834 1281 862 in
1305 844 1425 873 genere.
1472 834 1541 864 XX.
1565 832 1617 864 De
1636 833 1806 872 Baptismo.
1851 832 1934 864 XXI.
1960 834 2008 863 De
2032 832 2137 864 Coena

121 879 251 909 Domini.
295 878 391 909 XXII.
412 880 459 909 De
479 880 640 909 Sacrificiis
664 884 693 908 et
713 879 751 908 de
774 878 874 907 Missa
897 877 1065 908 Pontificia.
1112 876 1223 908 XXIII.
1246 877 1295 906 De
1315 876 1475 907 scandalo.
1521 876 1637 907 XXIV.
1661 876 1711 906 De
1735 876 1833 906 Cruce
1857 881 1887 907 et
1916 875 2138 907 Consolationi-

120 924 191 953 bus.
236 921 338 953 XXV.
362 923 411 952 De
434 922 627 952 Invocatione
650 922 719 951 Dei.
786 921 905 963 XXVI.
929 921 978 951 De
1000 921 1093 950 Votis
1116 920 1298 950 Monasticis
1321 924 1351 949 et
1374 918 1523 949 Consiliis
1553 919 1760 959 Evangelicis.
1822 919 1951 952 XXVII,
1971 920 2019 950 De
2043 920 2138 959 Magi-

122 970 218 995 stratu
244 970 275 995 et
296 967 389 995 rebus
414 966 563 995 civIlibus.
609 964 752 994 XXVIII.
777 964 826 994 De
848 965 1038 994 Matrimonio
1058 968 1088 993 et
1108 962 1258 1002 Coniugio
1282 963 1490 994 Sacerdotum.
1535 962 1650 994 XXIX.
1674 962 1723 993 De
1746 966 1841 992 morte
1865 963 2017 1003 Corporis,
2038 964 2139 1002 deque

123 1010 345 1039 immortalitate
380 1010 518 1038 Animae.
586 1007 686 1038 XXX.
721 1007 771 1037 De
801 1006 1071 1038 consummatione
1106 1008 1173 1036 sive
1196 1006 1272 1036 Pine
1294 1006 1411 1035 Mundi.
1475 1005 1589 1037 XXXI.
1612 1006 1661 1036 De
1685 1006 1923 1036 Resurrectione
1947 1010 2138 1036 mortuorum.
2158 1034 2162 1038 .

123 1051 252 1081 XXXII.
288 1052 337 1081 De
372 1056 504 1082 extremo
540 1050 664 1081 Iudicio.
700 1055 730 1081 et
763 1052 894 1081 adventu
929 1049 1044 1080 Christi
1076 1050 1113 1079 ad
1145 1050 1336 1079 iudicandum
1370 1050 1457 1079 vivos
1494 1054 1524 1079 et
1553 1053 1698 1080 mortuos.
1760 1048 1902 1079 XXXIII.
1937 1048 1985 1078 De
2013 1049 2160 1090 Inferum,

123 1095 268 1125 XXXIV.
303 1095 351 1124 De
385 1097 446 1124 vita
480 1098 611 1124 aeterna.
646 1113 687 1116 —
722 1095 823 1123 Maius
857 1104 927 1123 vero
950 1094 1101 1123 Locorum
1136 1103 1213 1132 opus
1234 1093 1347 1122 orditur
1369 1103 1387 1122 a
1410 1092 1654 1132 Prolegomenis‚
1685 1093 1713 1122 in
1739 1102 1864 1131 quorum
1889 1091 1996 1132 Capite
2020 1092 2078 1123 IV.
2103 1092 2160 1121 dev·-

125 1137 279 1177 Scriptura
315 1138 346 1166 S.
383 1142 413 1167 et
444 1137 668 1167 Traditionibus
703 1139 807 1176 agitur.
873 1137 952 1168 Post
983 1137 1058 1166 haec
1079 1136 1225 1175 deinceps
1256 1139 1417 1166 tractantur
1448 1136 1477 1165 hi
1514 1138 1551 1166 32
1575 1135 1667 1167 Loci:
1687 1135 1709 1164 1.
1731 1135 1781 1164 De
1803 1135 1872 1165 Deo
1896 1135 1965 1165 Uno
1989 1139 2021 1165 et
2043 1134 2142 1165 Trino.

126 1181 160 1211 11.
184 1181 232 1211 De
257 1181 405 1215 Persona,
432 1182 499 1210 sive
523 1181 641 1210 duabus
664 1181 786 1210 Naturis
811 1179 925 1210 Christi
950 1180 1131 1209 Sei-vatoris.
1178 1179 1225 1209 111.
1250 1180 1298 1209 De
1321 1177 1493 1209 Creatione.
1539 1178 1593 1208 IV.
1618 1179 1667 1209 De
1689 1178 1885 1208 Providentia
1906 1178 1975 1208 Dei.
2027 1178 2068 1207 V.
2093 1177 2142 1207 De

125 1223 229 1254 Causa
252 1224 383 1254 Peccati.
430 1224 484 1253 Vl.
509 1224 557 1253 De
581 1224 779 1254 Necessitate
802 1228 831 1253 et
855 1223 1078 1263 Contingentia.
1136 1222 1200 1252 Vll.
1225 1222 1274 1252 De
1298 1223 1409 1252 Libero
1433 1223 1573 1252 Arbitrio.
1629 1221 1710 1253 VIII.
1735 1221 1784 1252 De
1806 1221 1939 1261 Imagine
1962 1221 2021 1251 Dei
2045 1226 2076 1251 et
2098 1220 2144 1250 Iu-

126 1268 208 1297 stitia
233 1267 380 1307 Originali
400 1266 493 1297 Primi
517 1264 666 1297 Hominis.
733 1266 784 1297 IX.
808 1267 856 1297 De
880 1267 1012 1296 Peccato
1036 1266 1181 1305 Originis.
1250 1265 1288 1296 X.
1313 1266 1360 1295 De
1385 1265 1518 1295 Peccato
1542 1265 1674 1300 Actuali.
1711 1270 1741 1295 et
1764 1266 1855 1295 variis
1874 1266 1942 1294 eius
1967 1264 2143 1304 speciebus,

126 1309 178 1340 Xl.
199 1310 248 1340 De
270 1311 357 1350 Lege
380 1310 451 1340 Dei.
496 1309 565 1340 XII.
591 1309 639 1339 De
663 1309 840 1350 Evangelio
885 1309 965 1340 XIII.
989 1310 1037 1339 De
1060 1309 1278 1339 Iustificatione
1301 1309 1432 1338 hominis
1454 1309 1624 1348 peccatoris
1649 1319 1748 1339 coram
1770 1308 1849 1339 Deo.
1900 1307 1984 1338 XIV.
2008 1307 2057 1337 De
2081 1307 2141 1336 Bo-

127 1354 174 1383 nis
195 1353 359 1393 Operibus.
407 1353 476 1383 XV.
501 1354 549 1382 De
571 1353 754 1383 Discrimine
777 1353 901 1383 Veteris
926 1357 957 1382 et
979 1353 1057 1382 Novi
1078 1352 1275 1382 Testamenti.
1321 1351 1409 1382 XVI,
1428 1351 1476 1381 De
1495 1351 1648 1381 Ecclesia.
1698 1351 1792 1381 XVII.
1814 1351 1864 1381 De
1887 1350 2095 1381 sacramentis
2114 1350 2143 1379 in

126 1407 247 1435 genere.
294 1395 408 1427 XVIII.
433 1395 481 1425 De
504 1396 672 1435 Baptismo.
717 1396 803 1426 XIX.
828 1395 877 1425 De
901 1396 1097 1425 Sacramento
1121 1394 1245 1424 Coenae
1263 1394 1450 1424 Dominicae.
1496 1394 1566 1424 XX.
1589 1394 1638 1424 De
1661 1395 1835 1424 Sacrificiis.
1887 1394 1970 1425 XXI.
1994 1394 2044 1424 De
2067 1393 2144 1423 Poe·

126 1441 260 1470 nitentia.
327 1439 424 1470 XXII.
459 1439 508 1468 De
542 1441 664 1468 aeterna
697 1437 990 1472 praedestinatione,
1025 1438 1092 1466 sive
1120 1436 1282 1466 Electione
1316 1436 1443 1466 filiorum
1466 1435 1526 1466 Dei
1549 1437 1588 1466 ad
1612 1437 1762 1467 Salutem.
1824 1437 1940 1467 XXIII.
1964 1437 2013 1467 De
2035 1436 2144 1476 Regno

125 1481 251 1513 Christi.
305 1481 420 1512 XXIV.
446 1482 494 1511 De
513 1481 751 1511 Resurrectione
769 1485 951 1511 mortuorum
974 1480 1088 1510 ultima.
1138 1479 1240 1510 XXV.
1264 1478 1313 1509 De
1335 1479 1491 1509 Libertate
1515 1478 1697 1510 Christiana.
1747 1479 1864 1510 XXVI.
1888 1479 1937 1509 De
1960 1480 2144 1519 Adiaphoris

125 1527 192 1555 sive
212 1525 402 1556 Ceremoniis
427 1529 478 1554 aut
501 1524 724 1555 Traditionibus
748 1524 887 1554 humanis
911 1525 941 1553 in
959 1523 1110 1553 Ecclesia.
1165 1522 1295 1552 XXVII.
1319 1522 1369 1552 De
1387 1522 1618 1553 Mortificatione
1648 1524 1757 1553 carnis.
1812 1522 1954 1554 XXVIII.
1979 1523 2029 1553 De
2053 1522 2145 1552 Scan-

127 1569 204 1599 dalo.
250 1568 365 1600 XXIX.
390 1568 439 1598 De
463 1568 578 1608 Spiritu
602 1572 632 1597 et
654 1568 766 1599 Litera.
811 1567 914 1599 XXX.
936 1566 985 1596 De
1009 1566 1108 1596 Uruce
1131 1569 1162 1596 et
1185 1564 1427 1601 Calanlitatiln1s,
1451 1567 1519 1596 sive
1543 1566 1759 1596 afflictionibus
1784 1566 1932 1596 humanis.
1964 1565 2080 1596 XXXI.
2095 1564 2144 1594 De

130 1610 223 1642 Cultu
245 1617 275 1642 et
298 1612 489 1643 Invocatione
512 1611 580 1641 Dei.
625 1611 756 1643 XXXII.
780 1611 828 1641 De
851 1611 1031 1650 Magistratu
1051 1608 1139 1639 civili.

235 1792 260 1824 ¹)
278 1793 349 1818 Hunc
368 1792 460 1818 librum
478 1798 614 1824 perrarum
633 1799 665 1818 ex
684 1792 801 1819 Biblioth.
819 1791 933 1818 academ.
952 1791 1053 1817 lenensi
1071 1790 1097 1817 in
1116 1790 1235 1816 manibus
1255 1790 1348 1815 habeo.

1013 2533 1270 2572 Brunsvigae,

911 2595 991 2626 Typis
1013 2601 1162 2625 expressum
1181 2593 1217 2618 M.
1237 2593 1353 2618 Bruhnii.
